2395 3251
1289 361 1332 392 48

567 443 621 482 Et
654 442 809 481 viscosa
846 445 988 493 tegens
1022 440 1166 478 limoso
1201 439 1356 478 viscera
1389 439 1538 493 plano,

568 506 769 546 Interiore
805 504 899 543 sinu
934 504 1138 543 subeunte
1167 503 1304 543 calore
1333 516 1559 557 vaporans,

566 571 614 610 In
651 570 783 610 noctis
818 569 967 609 faciem
1008 575 1268 609 converterat
1301 574 1417 618 aera,
1455 568 1592 607 tristes

566 635 779 675 Exhalans
812 634 943 673 mixto
978 634 1152 673 nebulas
1189 634 1363 674 humore
1397 634 1546 684 calori,

453 701 539 739 600
573 699 630 740 Ut
665 699 770 739 vecti
800 698 908 738 visus
943 699 1009 737 vix
1045 712 1086 737 se
1115 698 1288 737 vectoris
1319 699 1374 739 ad
1406 713 1526 739 aures

567 763 794 812 Extendat,
835 777 912 802 nec
946 763 1039 816 quis
1074 762 1286 816 praecedat
1319 764 1461 817 quisve
1496 769 1716 817 sequatur,

567 829 669 880 Quis
700 828 840 869 veniat
867 827 992 883 juxta
1026 833 1190 881 poterat
1223 828 1462 882 dignoscere
1500 828 1738 881 quisquam.

567 893 688 933 Unde
724 893 840 946 sequi
873 898 1040 932 tantum
1076 893 1195 932 licuit
1229 892 1483 932 nostratibus
1523 892 1635 941 illos,

567 957 658 1009 Quo
693 957 803 996 villae
835 956 964 996 dabat
999 971 1131 1010 usque
1169 956 1309 997 furens
1344 957 1529 997 incensio
1563 957 1725 1006 lucem,

568 1021 674 1061 Cum
704 1021 859 1061 medias
890 1022 949 1060 sol
983 1035 1058 1075 per
1094 1022 1267 1061 nebulas
1302 1023 1440 1063 lucere
1478 1023 1684 1077 nequiret.

624 1086 868 1125 Innumeros
904 1092 1046 1125 tamen
1076 1087 1292 1136 occidunt,
1330 1089 1554 1142 pluresque
1584 1091 1814 1135 retentant,

567 1153 678 1203 Quos
713 1151 801 1191 Rex
838 1157 1058 1206 perpetuos
1088 1153 1265 1205 emptori
1302 1154 1474 1193 cuilibet
1508 1166 1650 1192 omnes

570 1216 771 1255 Vendidit
804 1217 850 1256 in
885 1230 1041 1266 servos,
1077 1222 1118 1255 et
1152 1217 1284 1256 vinxit
1313 1218 1506 1271 stigmate
1537 1216 1646 1272 jugi.

570 1281 713 1321 Insula
748 1286 837 1320 tota
872 1282 980 1334 perit
1015 1281 1176 1320 miserae
1214 1288 1376 1322 servata
1408 1282 1558 1321 ruinae.

459 1348 545 1386 700
581 1347 793 1400 Quicquid
833 1348 943 1386 enim
974 1353 1064 1386 tota
1102 1348 1180 1387 sibi
1214 1347 1386 1387 flamma
1424 1345 1647 1386 cremabile
1682 1345 1781 1384 villa

570 1412 774 1466 Repperit
814 1413 1036 1462 absumsit,
1075 1413 1285 1467 reliquum
1318 1412 1597 1450 instrumenta
1631 1410 1822 1448 deorsum

568 1477 722 1515 Ferrea
759 1476 962 1532 dejiciunt
998 1484 1130 1527 turre,
1168 1477 1385 1530 strictique
1419 1477 1596 1529 ligones,

569 1540 652 1580 Nec
687 1541 834 1590 turris,
873 1555 1001 1595 quam
1036 1542 1127 1582 Rex
1168 1541 1467 1591 fabricaverat,
1508 1541 1673 1594 integra
1707 1539 1882 1588 mansit,

571 1605 629 1644 Ne
670 1606 774 1659 quid
808 1606 866 1645 ibi
901 1612 1070 1645 maneat
1103 1607 1336 1646 habitabile
1372 1606 1508 1645 denuo
1542 1604 1750 1643 Flandris.

630 1731 737 1771 Hinc
785 1745 953 1786 quoque
978 1731 1145 1773 Cassclli
1183 1734 1259 1773 sub
1297 1734 1440 1773 codem
1475 1746 1637 1773 summa
1671 1731 1810 1771 furore

574 1795 725 1836 Maenia
759 1796 930 1852 dejecit,
965 1797 1088 1836 simili
1118 1812 1171 1837 ne
1206 1798 1440 1852 proditione

574 1860 806 1900 Deficerent
841 1862 903 1900 illi
939 1861 1152 1901 Ferrando
1177 1861 1283 1902 forte
1313 1872 1492 1919 recepto.

636 1989 743 2029 Urbs
778 1996 868 2030 erat
902 1997 943 2029 et
978 1991 1101 2031 rebus
1136 1998 1177 2031 et
1212 1993 1299 2032 cive
1334 1994 1512 2048 superba
1548 1994 1733 2047 potenti,

573 2053 748 2093 Nomine
781 2054 1040 2105 Tornacum‚
1082 2056 1239 2096 Scaldis
1276 2060 1536 2097 contermina
1574 2060 1699 2112 ripae,

462 2119 545 2160 710
577 2119 713 2171 Quam
749 2121 914 2174 gentilis
951 2121 1088 2160 adhuc
1123 2121 1264 2161 Rheni
1299 2128 1574 2176 transgressus
1610 2124 1802 2177 abyssum

575 2184 744 2224 Clodius
777 2185 821 2224 in
857 2186 996 2239 gladio
1032 2187 1189 2240 primus
1224 2188 1403 2240 possedit
1438 2195 1479 2228 et
1514 2204 1615 2229 arcu

575 2250 679 2300 Quae
715 2250 809 2290 cum
845 2251 1033 2291 servisset
1067 2252 1128 2291 illi
1160 2258 1201 2291 et
1228 2255 1529 2294 successoribus
1565 2254 1692 2310 ejuss

575 2315 724 2354 Postea
758 2316 1019 2356 Francorum
1055 2331 1274 2371 nunquam
1310 2319 1466 2360 ditione
1502 2321 1681 2360 recessit.

577 2377 695 2417 Hanc
726 2393 820 2418 cum
855 2380 1070 2421 Ferrando
1105 2381 1364 2436 Reginaldus
1403 2385 1549 2425 fraude
1584 2386 1732 2425 latenti

577 2440 801 2483 Ohtcntam
836 2444 886 2483 de
926 2451 1046 2485 nocte
1085 2460 1235 2486 novem
1271 2454 1441 2490 tenuere
1478 2451 1643 2499 diebus,
