2395 3251
1191 367 1234 399 50

352 451 436 493 400
467 451 544 491 Vel
577 448 759 503 Rupella
794 446 926 501 parit,
965 458 1060 485 cum
1094 443 1205 484 ferro
1241 457 1421 499 cumque
1454 444 1654 494 metallis,

465 516 571 556 Cum
600 512 774 568 pannis,
806 511 1014 564 rebusque
1046 509 1162 559 aliis,
1196 522 1300 563 quas
1341 508 1516 563 Anglia‚
1554 510 1620 550 vel
1650 522 1755 563 quas

463 578 664 620 Flandria
695 576 954 624 contulerat,
993 574 1095 614 illuc
1132 574 1377 624 mittantur,
1411 579 1459 614 ut
1494 573 1592 614 inde

463 644 513 685 In
542 642 679 683 varias
714 646 853 695 partes
895 639 1042 679 mundi
1072 639 1334 692 dominisque
1369 644 1587 692 reportent

462 708 602 749 Lucra
632 706 735 756 suis,
776 702 930 759 quibus
965 709 1027 743 est
1062 717 1153 758 spes
1190 717 1351 757 semper
1386 703 1517 743 mixta
1551 704 1712 754 timori,

465 774 585 814 Sorte
621 785 755 811 comes
786 770 938 820 dubia,
978 769 1189 821 subitique
1224 769 1417 822 angustia
1448 783 1581 809 casus.

464 839 616 880 Omnia
650 851 746 891 quae
780 841 931 890 pyrata
965 848 1097 888 rapax
1131 833 1373 884 Savaricus,
1408 840 1450 873 et
1481 833 1571 889 ejus

467 903 570 943 Dira
603 901 752 941 cohors
786 900 832 940 in
865 899 977 939 idem
1005 899 1083 938 tibi
1119 899 1400 939 concinnante
1431 898 1620 949 Cadoco,

467 966 680 1021 Indigenis
716 970 863 1005 contra
897 977 1100 1018 percussae
1137 963 1295 1003 foedera
1330 965 1445 1018 pacis

469 1033 689 1087 Diripuere
724 1031 823 1081 sibi,
859 1030 978 1069 sociis
1006 1028 1250 1085 jurantibus
1286 1029 1393 1083 ipsos

356 1100 440 1140 410
472 1098 564 1139 Non
593 1096 714 1137 veriti
749 1095 905 1136 violare
938 1094 1082 1144 fidem,
1121 1101 1377 1148 pactumque
1412 1108 1568 1148 negare

472 1163 577 1216 Quae
612 1162 762 1202 nostris
798 1166 972 1216 peccata
999 1174 1092 1200 reor
1127 1173 1307 1200 nocuere
1338 1159 1507 1199 carinis.

531 1228 623 1268 Rex
657 1230 754 1267 vero
792 1227 952 1266 interea
986 1225 1168 1280 patriam
1197 1224 1275 1265 sibi
1306 1223 1505 1280 subjugat
1542 1239 1729 1276 omnem,

473 1291 671 1346 Undique
706 1290 897 1345 dispersis
932 1304 1006 1344 per
1041 1303 1142 1329 rura
1170 1290 1361 1343 patentia
1394 1291 1542 1329 turmis

475 1357 592 1397 More
626 1357 905 1406 locustarum,
944 1368 1042 1408 quae
1071 1359 1196 1393 terrae
1230 1356 1359 1409 plana
1393 1361 1578 1410 tegentes

476 1423 527 1463 Se
558 1423 699 1477 spoliis
733 1426 913 1471 ornant,
951 1420 1200 1474 praedasque
1233 1420 1441 1460 abducere
1479 1421 1681 1475 gaudent.

477 1488 574 1528 Mox
611 1487 849 1526 subduntur
884 1485 922 1525 ei
956 1485 1044 1524 sola
1077 1483 1301 1523 formidine
1338 1499 1499 1524 summo

479 1553 634 1593 Maenia
669 1551 838 1592 Casselli
873 1550 1103 1605 pendentia
1136 1549 1290 1589 vertice
1325 1549 1494 1589 montis.

480 1616 585 1668 Quae
619 1616 714 1656 cum
747 1616 952 1655 militibus
986 1613 1093 1654 bene
1128 1614 1371 1655 munivisset
1407 1621 1449 1654 et
1485 1617 1640 1666 armis,

481 1682 666 1736 Impiger
699 1681 874 1736 Ypreias
910 1693 1089 1734 propero
1125 1679 1238 1718 subit
1273 1680 1438 1733 agmine
1474 1687 1637 1734 partes,

367 1750 452 1789 420
483 1747 537 1787 Et
572 1747 651 1786 sibi
686 1759 782 1785 cum
816 1744 959 1784 multis
994 1743 1173 1784 castellis
1208 1742 1378 1798 subjicit
1410 1743 1584 1799 Ypram.

483 1812 562 1852 Hic
597 1811 798 1850 mentitus
834 1809 945 1850 idem
978 1808 1085 1862 Regi
1120 1808 1359 1847 Ferrandus
1394 1809 1534 1849 adesse

485 1877 652 1927 Noluit,
690 1875 802 1915 illius
839 1875 942 1929 quia
969 1872 1063 1929 jam
1098 1881 1335 1927 susceperat
1369 1889 1473 1915 uxor

484 1941 651 1981 Infoelix
684 1953 781 1994 quae
815 1953 901 1979 non
935 1937 1042 1978 bene
1077 1943 1213 1978 vertat
1247 1940 1359 1980 dona
1393 1940 1616 1981 Johannis.

488 2006 580 2057 Quo
616 2004 750 2057 magis
784 2004 916 2043 iratus
952 2003 1061 2043 acies
1095 2002 1186 2043 Rex
1216 2005 1397 2058 explicat
1430 2005 1568 2057 ultra,

489 2071 573 2111 Nec
607 2075 740 2110 cessat
775 2069 909 2109 donec
944 2068 1023 2108 sibi
1059 2068 1217 2121 Brugia
1252 2068 1530 2124 subjiciatur,

490 2135 598 2176 Cum
632 2140 696 2174 tot
731 2134 941 2174 nobilibus
977 2132 1130 2186 quibus
1165 2138 1226 2172 est
1260 2134 1520 2174 circumdata
1553 2135 1669 2174 vicis.

491 2202 596 2242 Inde
631 2200 873 2241 Suessonico
909 2198 1060 2239 Comiti
1087 2196 1235 2253 jubet,
1273 2198 1605 2253 Ilangesidaeque

493 2267 690 2318 Alberto,
729 2271 778 2306 ut
811 2264 921 2305 Dani
955 2268 1155 2303 maneant
1189 2277 1265 2317 pro
1300 2263 1428 2302 classe
1462 2264 1618 2304 tuenda
1638 2296 1650 2315 ,
1683 2287 1688 2291 ·

497 2333 709 2389 Adjiciens
742 2331 824 2372 illis
859 2345 953 2370 cum
992 2329 1276 2383 quadraginta
1311 2328 1500 2368 ducentis

383 2400 466 2438 450
499 2397 723 2446 Militibus,
756 2396 876 2436 bellis
911 2399 1100 2449 expertos
1135 2394 1269 2433 millia
1305 2394 1428 2434 dena.

554 2463 663 2503 Hinc
691 2461 837 2516 procul
873 2467 1031 2501 amotos
1066 2460 1168 2499 fines
1202 2466 1495 2515 postremaque
1531 2465 1648 2518 regni
