2395 3251
1253 417 1316 447 118

562 493 796 534 verticibus
837 498 1020 533 stravere
1065 492 1171 542 solo,
1209 492 1432 549 jacuitque
1475 495 1649 549 supinus

559 558 652 611 Ipse
695 570 830 596 comes
868 571 1009 612 pressa
1051 558 1128 598 sub
1173 559 1327 612 equino
1371 559 1556 614 pondere
1594 573 1697 600 coxa

562 622 756 676 Dumque
793 621 930 676 ligant
969 622 1119 662 fratres
1160 624 1377 675 comitem,
1423 625 1538 665 venit
1581 639 1676 665 ecce
1718 623 1932 665 Johannes

564 687 670 729 Cum
708 703 807 729 vera
850 703 895 728 re
934 703 1088 729 nomen
1133 688 1293 729 habens
1332 704 1358 730 a
1402 690 1569 730 Robore
1612 704 1778 740 verum,

562 754 645 806 Qui
680 754 874 794 comitem
912 755 1013 794 velit
1051 760 1125 794 aut
1169 755 1278 794 nolit
1317 769 1360 794 se
1403 755 1554 795 dedere
1594 755 1720 809 cogit.

564 817 753 872 Cumque
797 825 1031 859 moraretur
1070 817 1096 857 a
1139 825 1254 859 terra
1293 833 1484 873 surgere,
1525 819 1684 860 frustra

568 882 782 923 Auxilium
823 889 1064 938 expectans,
1107 889 1149 924 et
1188 883 1327 924 adhuc
1372 884 1545 925 evadere
1585 897 1778 938 sperans,

566 947 700 988 Affuit
734 948 756 988 ὲ·
801 948 967 989 famulis
1006 950 1140 990 Electi
1180 949 1321 1005 garcio
1366 949 1541 1003 quidam

426 1013 537 1056 1750
567 1013 708 1068 Ipsum
748 1015 986 1068 praecedens
1031 1015 1240 1056 Cornutus
1285 1014 1455 1054 nomine
1494 1013 1612 1054 fortis

569 1077 775 1132 Corpore,
822 1079 1036 1120 mortifero
1081 1080 1281 1120 horrebat
1326 1080 1394 1119 cui
1434 1080 1580 1120 dextra
1619 1079 1787 1119 cutello.

569 1143 647 1183 Hic
687 1144 817 1184 ocreis
862 1145 936 1184 ubi
975 1160 1016 1185 se
1055 1144 1201 1200 jungit
1246 1145 1395 1194 lorica,
1437 1144 1605 1185 volebat

570 1208 757 1248 Immisso
797 1210 940 1250 comiti
983 1210 1129 1251 vitalia
1171 1224 1365 1264 rumpere
1410 1208 1537 1249 ferro,

573 1273 653 1313 Sed
691 1273 842 1314 thorax
881 1275 1012 1315 ocreis
1056 1280 1231 1314 consuta
1270 1279 1414 1328 patere
1457 1274 1610 1313 cutello

576 1337 786 1378 Indissuta
830 1353 988 1393 negans
1035 1339 1210 1379 Cornuti
1251 1345 1347 1378 vota
1386 1337 1550 1377 fefellit.

575 1402 757 1452 Circuit,
802 1409 929 1457 atque
973 1405 1076 1444 alias
1116 1418 1157 1443 se
1203 1405 1343 1457 garcio
1382 1404 1508 1443 vertit
1547 1403 1601 1443 ad
1643 1410 1766 1444 artes.

575 1467 781 1508 Cornibus
825 1470 973 1509 amotis
1013 1470 1178 1510 balenae
1217 1474 1259 1508 et
1298 1467 1456 1508 casside
1500 1473 1590 1507 tota

573 1533 741 1586 Ingenti
787 1533 938 1574 faciem
984 1535 1188 1574 nudatam
1231 1533 1404 1574 vulnere
1450 1532 1604 1586 signat.

575 1597 755 1652 Jamque
794 1599 974 1654 parabat
1012 1599 1050 1639 ei
1099 1605 1245 1653 guttur
1288 1611 1496 1647 resecare,
1543 1610 1622 1637 nec
1660 1598 1769 1637 ullus

435 1661 546 1703 1760
578 1661 705 1703 Arcet
749 1679 869 1714 eum,
917 1666 1022 1719 quin
1065 1679 1161 1704 mox
1205 1664 1369 1704 occidat
1405 1664 1438 1703 si
1483 1669 1612 1717 queat
1657 1663 1792 1703 illum.

575 1727 779 1782 Opposita
817 1735 959 1768 tamen
1001 1729 1088 1783 ipse
1128 1743 1258 1768 manu
1297 1743 1432 1768 comes
1478 1729 1636 1779 obstat,
1681 1735 1722 1769 et
1767 1729 1792 1768 a
1830 1743 1871 1768 se

576 1792 958 1848 Quantumcunque
1001 1799 1136 1848 potest
1179 1799 1356 1833 mortem
1400 1794 1597 1847 elongare
1641 1794 1823 1835 laborat.

578 1858 658 1899 Sed
704 1859 850 1913 rapido
895 1873 1020 1900 cursu
1062 1859 1232 1900 veniens
1275 1859 1443 1898 Electus
1493 1859 1635 1913 abegit

581 1923 715 1978 Ipsius
755 1938 781 1964 a
814 1922 965 1979 jugulo
1010 1924 1187 1973 ferrum,
1230 1923 1463 1978 famulique
1498 1925 1693 1978 repressit

579 1987 672 2042 Ipse
710 1988 773 2027 sui
813 1988 1002 2028 dextram
1013 2003 1023 2038 ;
1062 2002 1189 2043 quem
1236 1987 1331 2027 cum
1376 1990 1583 2039 novisset,
1625 1990 1679 2029 ad
1723 1990 1859 2044 ipsum

580 2051 798 2092 Exclamat
842 2067 1011 2093 comes:
1055 2070 1072 2090 «
1103 2053 1139 2093 Ο
1170 2067 1223 2092 ne
1268 2053 1325 2092 sic
1365 2052 1506 2093 Electe
1555 2055 1696 2094 necari

583 2132 600 2152 »
642 2116 707 2155 Me
747 2117 855 2156 bone
894 2118 1133 2171 permittas,
1182 2131 1235 2156 ne
1273 2131 1339 2157 me
1378 2119 1553 2172 patiaris
1600 2119 1748 2173 iniquo

584 2197 601 2216 »
642 2180 784 2221 Sidere
829 2182 1041 2232 damnari,
1088 2195 1141 2221 ne
1179 2182 1320 2235 garcio
1365 2181 1523 2221 funeris
1567 2189 1713 2223 auctor

585 2263 592 2282 ›
642 2246 834 2286 Gaudeat
873 2261 958 2287 esse
1003 2246 1103 2297 mei,
1154 2247 1301 2286 melius
1343 2260 1410 2285 me
1455 2246 1582 2285 curia
1623 2247 1751 2301 Regis

446 2309 554 2350 1770
585 2328 602 2347 »
643 2311 843 2362 Damnet,
891 2317 933 2351 et
971 2310 1137 2365 infligat
1179 2311 1313 2350 merui
1359 2324 1489 2364 quam
1533 2312 1748 2352 incurrere
1793 2327 1974 2367 paenam.
2012 2331 2028 2351 »

644 2378 833 2429 Dixerat,
881 2379 1048 2418 Electus
1091 2377 1113 2417 ὸ
1154 2383 1302 2418 contra
1344 2377 1486 2416 taliter
1528 2377 1612 2417 illi:

599 2459 615 2477 (ι
646 2443 736 2482 Non
777 2445 962 2484 morieris
971 2475 981 2494 ,
1029 2444 1110 2494 ait,
1152 2443 1223 2483 sed
1268 2457 1343 2483 cur
1381 2443 1441 2482 ita
1481 2457 1648 2498 surgere
1687 2445 1827 2485 tardas
1847 2443 1869 2484 Ρ

591 2525 606 2543 »
647 2508 776 2557 Surge
816 2510 921 2560 cito,
965 2510 1071 2564 Regi
1111 2508 1204 2565 jam
1247 2509 1509 2563 praesenteris
1547 2508 1724 2564 oportet.
1760 2528 1776 2546 »

593 2264 601 2283 υ
