2395 3251
1262 366 1306 398 66

533 448 624 488 Non
658 447 776 486 decet
810 451 857 486 ut
889 451 1025 486 terror
1058 445 1183 487 vestri
1218 444 1428 486 deterreat
1460 444 1582 485 illum

533 514 624 554 Non
660 513 778 553 decet
812 519 860 553 ut
894 519 1066 568 propter
1101 526 1171 553 vos
1209 509 1419 565 aufugisse
1453 514 1649 566 putetur,

414 580 499 619 950
530 579 612 631 Qui
647 579 780 619 solum
815 578 896 618 hoc
931 584 1073 633 optat,
1111 584 1160 618 ut
1194 576 1310 619 vobis
1344 576 1452 617 forte
1486 576 1662 632 repertis

529 643 580 684 In
615 644 743 698 plano
777 644 903 698 plane
938 643 1048 684 bello
1083 642 1284 697 confligat
1317 647 1461 697 aperto
1481 673 1492 693 ,

527 709 662 764 Inque
697 709 812 750 brevi
847 709 890 750 id
925 709 1040 750 vobis
1075 709 1191 749 nuda
1226 708 1390 749 ratione
1423 708 1602 763 patebit.

585 838 766 880 Ultimus
800 839 957 878 exierat
990 843 1084 893 post
1116 838 1259 879 omnia
1291 840 1411 894 signa
1444 837 1626 879 Garinus
1642 869 1655 890 ‚

525 905 856 960 Sylvanectensis
889 904 1078 945 nondum
1114 910 1299 945 sacratus
1333 905 1389 945 ad.
1423 904 1538 945 urbis

527 970 694 1010 Electus
734 969 989 1011 Cathedram
1009 1001 1020 1019 ‚
1058 970 1167 1024 regis
1203 970 1392 1025 specialis
1427 970 1585 1010 amicus
1602 1000 1615 1021 ‚

531 1035 677 1075 Ardua
711 1035 924 1075 tractabat
959 1049 1055 1076 cum
1090 1050 1188 1089 rege
1223 1036 1394 1090 negotia
1428 1035 1563 1089 regni.

527 1102 629 1152 Hic,
668 1102 767 1142 dum
803 1101 1048 1157 praecedunt
1081 1101 1361 1156 crispantibus
1396 1101 1568 1155 agmina
1602 1100 1731 1154 signis
1747 1130 1760 1150 ,

528 1167 742 1207 Postremo
777 1166 904 1207 tacite
939 1167 1145 1221 digressus
1180 1167 1234 1207 ab
1269 1167 1436 1220 agmine
1471 1165 1646 1220 paulum

528 1231 664 1286 Caepit
697 1231 777 1272 iter
811 1246 951 1273 versus
986 1231 1210 1272 Moritania
1243 1231 1415 1272 tendere
1449 1244 1549 1271 rura
1566 1262 1578 1280 ,

413 1295 500 1337 960
530 1296 720 1351 Cumque
754 1297 852 1338 novi
887 1297 1058 1352 cupiens
1093 1296 1256 1351 aliquid
1291 1296 1546 1351 deprendere
1580 1308 1697 1337 casus
1716 1325 1727 1345 ‚

530 1363 677 1403 Passus
713 1363 903 1403 millenos
932 1362 1023 1418 jam
1059 1363 1283 1417 perexisset
1317 1362 1372 1401 ad
1406 1360 1607 1401 Austrum
1624 1392 1637 1411 ,

529 1428 635 1468 Cum
669 1429 812 1482 paucis
847 1442 952 1482 quos
986 1429 1187 1468 intererat
1221 1426 1505 1466 Meledunicus
1539 1424 1677 1465 Adam

526 1492 725 1534 Ascendit
761 1495 972 1534 tumulum
1008 1508 1093 1549 quo
1128 1506 1299 1548 campus
1334 1491 1441 1531 forte
1475 1490 1666 1531 tumebat
1685 1520 1697 1540 ‚

527 1559 716 1599 Luminis
751 1560 863 1600 unde
897 1560 1044 1614 procul
1080 1559 1270 1600 emittere
1304 1557 1433 1613 possit
1468 1570 1663 1598 acumen.

526 1623 580 1663 Et
615 1638 747 1678 quum
784 1625 951 1665 vidisset
986 1626 1094 1665 acies
1127 1624 1284 1665 fervere
1319 1637 1395 1677 per
1430 1636 1550 1676 agros

528 1689 613 1728 Nec
644 1690 772 1743 possit
805 1690 911 1730 visos
940 1704 1025 1730 uno
1061 1690 1240 1743 defigere
1276 1688 1366 1729 visu
1386 1718 1397 1737 ,

528 1753 609 1793 Tot
643 1754 807 1809 clypeos
842 1754 1031 1810 praeferri
1065 1755 1186 1795 astris
1222 1753 1512 1809 splendoribus
1548 1766 1690 1801 ausos,

526 1818 729 1873 Tegmina
762 1825 826 1860 tot
861 1821 1048 1875 capitum
1083 1821 1177 1861 solis
1211 1819 1460 1874 replicantia
1495 1820 1630 1860 lucem
1649 1850 1661 1869 ,

526 1883 606 1923 Tot
640 1885 774 1925 latera
808 1886 956 1927 ambiti
992 1886 1118 1926 livere
1154 1885 1342 1926 viredine
1377 1884 1506 1935 ferri,

409 1947 496 1988 970
525 1948 605 1988 Tot
639 1950 790 1990 vexilla
823 1951 904 1992 levi
941 1956 1059 1992 motu
1092 1951 1305 1992 irritantia
1339 1956 1482 1990 ventos
1502 1981 1513 1999 ‚

524 2013 604 2054 Tot
638 2020 767 2055 coetus
800 2016 990 2070 equitum
1007 2047 1018 2066 ‚
1056 2021 1120 2056 tot
1154 2029 1360 2070 equorum
1396 2014 1533 2055 ferrea
1566 2014 1762 2055 membris

522 2079 727 2133 Tegmina
760 2082 941 2136 proceris
978 2081 1240 2122 circumdata
1274 2081 1380 2122 dixit
1415 2082 1469 2121 ad
1505 2081 1671 2122 Adam:

532 2145 620 2186 «Hi
655 2147 851 2198 veniunt,
890 2162 968 2188 nec
1004 2162 1046 2188 se
1082 2147 1261 2188 credunt
1296 2147 1504 2200 attingere
1539 2161 1656 2201 posse

522 2211 768 2266 »Tempore
805 2227 879 2254 nos
914 2214 1013 2254 satis
1048 2218 1193 2268 aptato
1212 2243 1224 2263 ‚
1263 2218 1311 2252 tu
1345 2212 1452 2252 colle
1482 2212 1558 2252 sub
1593 2212 1671 2251 isto

522 2294 539 2313 »
564 2277 831 2332 Exspectabis
864 2279 1026 2331 adhuc,
1065 2279 1355 2320 intellecturus
1392 2290 1536 2317 corum
1685 2271 1689 2275 ’

522 2340 730 2383 »Plenius
764 2350 806 2384 et
839 2359 1062 2386 numerum
1096 2350 1139 2385 et
1172 2350 1382 2393 mentem,
1420 2342 1521 2383 dum
1557 2342 1662 2383 vado
1698 2340 1941 2397 Philippum

522 2421 539 2441 »
565 2404 878 2450 Certificaturus
897 2441 907 2460 ‚
945 2410 1017 2450 alii
1053 2424 1139 2451 non
1175 2410 1363 2451 crederet
1398 2408 1502 2463 ipse.

578 2470 646 2510 Sic
681 2471 789 2513 fatus
824 2475 935 2515 volat
972 2476 1027 2516 ad
1060 2489 1216 2530 regem.
1254 2475 1335 2515 Vix
1370 2475 1546 2516 sustinet
1580 2475 1651 2514 ille
