2395 3251
1252 362 1297 394 54

412 450 2142 490 ᾺΧΝἫἋΝΝΝΝΧΝᾺᾺΑΝᾺἫᾺῚΝΧΝᾺᾺἪᾺᾺᾺᾺᾺΝΝᾺἺἉΝᾺΧΝΧΝΙΝΧΝᾺἪΧΝΧΝΧΝἊᾺᾺᾺᾺΧΝᾺᾺΧΝᾺΧΝΧΝᾺᾺΧΝΧΝᾺἱΝ

777 631 929 676 Aqmz'na
947 631 1024 674 jam
1045 641 1169 673 puqnae
1195 630 1353 671 componit
1380 633 1411 660 et
1434 628 1571 659 instruit
1606 623 1706 657 Otho.

776 686 851 720 Neo
877 688 985 718 minus
1012 691 1043 716 et
1069 684 1217 716 Francos
1241 688 1345 724 parat
1371 682 1588 721 hortaturque
1615 678 1812 720 Philippus,

781 738 884 771 Totus
911 744 942 770 et
966 738 1130 780 eqrediens
1154 738 1312 767 exercitus
1341 735 1484 776 undique
1511 734 1617 764 densis

777 791 878 825 More
901 793 1099 824 locustarum
1129 789 1309 833 leqiom'hus
1337 791 1452 822 occulit
1479 799 1587 831 aqros.

537 1070 1763 1091 00000000000000000000000000

532 1115 700 1156 Interea
734 1113 953 1154 Comitissa
986 1126 1110 1153 senex
1144 1126 1242 1167 quae
1276 1108 1572 1164 Portigalensis

537 1180 646 1221 Filia
679 1180 817 1234 regis,
859 1179 913 1219 ob
947 1178 1029 1219 hoc
1064 1177 1196 1218 solum
1231 1177 1378 1232 regina
1412 1180 1559 1215 vocata
1593 1179 1676 1223 est,

537 1245 828 1299 Ferrandique
861 1249 952 1284 erat
986 1244 1077 1299 ipsa
1111 1243 1282 1297 quidem
1319 1254 1521 1296 germana
1553 1239 1738 1295 parentis

538 1309 816 1364 Hesperidum
849 1309 935 1350 ritu
971 1308 1143 1363 cupiens
1176 1314 1356 1349 ventura
1391 1306 1555 1357 doceri,

538 1375 762 1430 Sortilegos
798 1375 919 1415 nobis
954 1374 1100 1429 ignota
1135 1373 1315 1413 consulit
1348 1377 1453 1412 arte.

539 1441 624 1482 Nec
661 1447 804 1482 tamen
838 1441 952 1495 ipsa,
990 1453 1107 1489 reor,
1145 1444 1237 1478 erat
1271 1437 1403 1478 inscia
1437 1436 1743 1491 praestigiorum

541 1507 649 1559 Quae
683 1507 787 1547 solet
819 1507 1026 1561 Hispanos
1059 1518 1249 1560 praesaga
1282 1503 1460 1544 Tholeta
1495 1502 1658 1542 docere.

541 1573 731 1614 Sortibus
767 1587 866 1627 ergo
896 1572 1023 1623 datis,
1062 1571 1137 1611 tali
1174 1570 1433 1625 problemate
1468 1567 1559 1608 falli

542 1638 682 1692 Digna
718 1637 820 1687 fuit,
858 1651 955 1677 vero
990 1636 1206 1690 aequivoca
1243 1636 1320 1674 sub
1354 1649 1454 1676 voce
1487 1634 1638 1674 latenti
1668 1649 1676 1672 :

435 1704 521 1748 780
559 1721 578 1741 «
608 1704 700 1745 Rex
734 1705 789 1744 ab
824 1716 932 1756 equo
965 1701 1100 1741 multa
1128 1699 1333 1756 juvenum
1367 1700 1408 1740 vi
1444 1705 1618 1747 stratus,
1656 1711 1860 1751 equorum

546 1787 565 1807 »
604 1768 824 1809 Tundetur
858 1767 1056 1822 pedibus,
1094 1780 1172 1805 nec
1206 1780 1301 1806 eum
1336 1765 1553 1819 continget
1586 1763 1754 1804 humari

548 1853 567 1874 »
608 1833 883 1888 Altisonoque
913 1833 1078 1882 Comes,
1118 1832 1268 1886 plausu
1303 1837 1396 1886 post
1430 1831 1580 1886 praelia
1616 1844 1742 1869 curru

550 1918 569 1939 »
610 1899 783 1950 Vectus,
822 1898 990 1938 Parisiis
1027 1911 1053 1937 a
1086 1897 1244 1938 civibus
1279 1897 1560 1952 excipietur.»

610 2024 719 2065 Hinc
754 2025 885 2078 magis
920 2023 1118 2064 audacter
1155 2022 1390 2064 Ferrandus
1423 2024 1469 2064 in
1503 2036 1622 2063 arma
1659 2021 1847 2071 furebat,

553 2089 645 2131 Non
681 2090 894 2129 intellecto
925 2089 1112 2143 gaudens
1146 2088 1371 2143 aenigmate
1407 2088 1527 2128 sortis

555 2155 799 2209 Ambiguae,
839 2169 948 2195 vana
983 2155 1179 2209 cupidam
1213 2169 1285 2209 spe
1322 2153 1467 2194 fallere
1501 2158 1703 2199 mentem,

555 2222 615 2262 Ne
650 2222 758 2262 solus
793 2221 950 2276 duplici
981 2220 1154 2261 fallatur
1190 2219 1386 2275 Apolline
1419 2219 1581 2260 Cresus.

617 2346 779 2386 Dehinc
811 2346 945 2396 Otho,
985 2345 1166 2386 Comites
1201 2346 1463 2387 Ferrandum
1478 2377 1488 2397 ,
1522 2346 1831 2399 Boloniumque

561 2410 726 2450 Secreto
762 2413 1015 2465 alloquitur,
1054 2418 1096 2451 et
1132 2413 1189 2451 eis
1223 2426 1297 2452 sua
1327 2417 1424 2452 vota
1458 2411 1632 2460 revelat,

449 2479 532 2519 790
564 2475 824 2533 Majoresque
859 2478 982 2516 duces
1018 2478 1144 2517 verbo
1178 2492 1263 2517 non
1298 2477 1436 2530 privat
1470 2476 1629 2516 eodem.
