2395 3251
1271 372 1316 404 94

558 456 695 507 Quam
730 465 825 492 mox
857 449 1026 505 infligat
1058 449 1190 506 pediti
1221 449 1296 505 qui
1330 453 1532 490 straverat
1563 448 1683 489 illum
1697 478 1712 499 ,

558 519 716 561 Saevior
758 517 954 568 effectus,
996 518 1200 572 lapsuque
1238 514 1457 556 nocentior
1493 513 1610 568 ipso,

561 585 659 626 Illos
698 584 745 624 in
784 584 944 638 pedites
983 584 1123 624 studet
1163 594 1354 623 exercere
1390 579 1541 620 furoris

421 650 539 692 1370
569 649 804 699 Primitias‚
847 649 926 703 ipsi
964 647 1101 689 suerat
1139 648 1213 702 qui
1252 660 1378 687 causa
1414 645 1564 686 ruinae.

561 714 701 766 Quam
744 713 871 754 variis
908 726 1052 753 omnes
1092 711 1230 767 plagis
1268 711 1433 761 affecit,
1467 715 1517 750 ut
1553 711 1687 751 omnis

557 780 642 832 Qui
677 779 744 820 vel
782 778 890 819 forte
927 791 1106 818 manum
1145 776 1304 817 temere
1342 776 1607 830 praesumpsit
1643 776 1689 816 in
1728 775 1848 816 illum

558 844 750 894 Mittere,
790 844 858 884 vel
894 857 1059 884 sacrum
1093 843 1187 883 telis
1225 842 1504 897 perstringere
1546 855 1714 896 corpus,

560 910 746 964 Corpore
782 915 979 950 truncato
1017 909 1173 964 stygias
1211 913 1281 949 eat
1318 908 1414 947 exul
1449 907 1496 947 in
1534 906 1727 947 umbras:

560 975 693 1015 Poena
733 975 868 1015 discat
909 980 959 1015 ut
997 974 1102 1025 hac,
1143 973 1272 1028 quam
1313 972 1366 1012 sit
1404 972 1649 1012 temerarius
1689 985 1812 1014 ausus

559 1040 736 1081 Pollutis
773 1041 967 1081 manibus
1007 1053 1230 1096 personam
1267 1038 1476 1092 attingere
1514 1050 1691 1077 sacram.

621 1103 678 1145 At
716 1106 821 1146 laevo
861 1106 907 1145 in
946 1119 1104 1155 cornu,
1146 1104 1221 1158 qui
1260 1104 1368 1143 nulli
1406 1108 1542 1143 marte
1581 1102 1786 1143 secundus

562 1171 808 1221 Bolonides,
851 1184 1006 1225 pugnae
1045 1170 1214 1209 insistit.
1258 1168 1335 1208 Cui
1378 1167 1564 1208 fraxinus
1603 1168 1751 1221 ingens

568 1234 690 1276 Nunc
727 1235 905 1289 implens
945 1236 1132 1275 dextram
1146 1265 1158 1284 ,
1200 1234 1269 1274 vix
1307 1233 1385 1273 uni
1423 1231 1570 1288 bajula
1609 1234 1782 1288 qualem

426 1300 538 1342 1380
568 1300 620 1341 In
658 1300 815 1341 Bacchi
854 1301 1028 1355 legimus
1068 1299 1454 1355 portasseCapanea
1491 1311 1645 1348 cunas,

572 1366 710 1418 Quam
744 1366 813 1406 vix
852 1364 1054 1405 fulmineo
1074 1364 1247 1420 ‘dejecit
1283 1362 1450 1416 Jupiter
1487 1361 1593 1403 ictu.

566 1430 689 1471 Nunc
726 1430 861 1470 culter
900 1429 999 1471 vitae
1037 1428 1286 1483 impatiens,
1326 1440 1441 1467 nunc
1479 1426 1683 1479 sanguine
1715 1427 1848 1481 pugni

565 1494 711 1535 Muoro
751 1493 935 1544 rubens,
978 1493 1148 1548 gemina
1187 1491 1210 1532 e
1249 1491 1418 1533 sublimi
1457 1490 1612 1532 vertice
1651 1490 1816 1545 fulgens

567 1557 737 1599 Cornua
777 1572 905 1599 conus
947 1558 1058 1612 agit,
1107 1571 1363 1613 superasque
1403 1556 1543 1597 educit
1581 1556 1626 1596 in
1665 1570 1811 1607 auras,

567 1623 603 1663 E
644 1624 766 1664 costis
807 1630 1020 1678 assumpta
1059 1624 1191 1677 nigris
1234 1636 1339 1676 quas
1380 1621 1512 1662 faucis
1552 1621 1599 1661 in
1637 1626 1761 1661 antro

569 1687 785 1728 Branchia
822 1688 987 1728 halenae
1029 1687 1177 1728 Britici
1218 1687 1319 1726 colit
1358 1685 1499 1726 incola
1538 1685 1683 1738 ponti,

576 1753 636 1794 Ut
673 1753 747 1807 qui
786 1767 965 1807 magnus
1005 1759 1096 1794 erat
1134 1766 1302 1807 magnae
1340 1748 1641 1804 supperaddita
1676 1749 1777 1789 moli

574 1816 778 1873 Major-em
818 1817 974 1858 faceret
1012 1817 1281 1872 phantastica
1320 1829 1475 1871 pompa
1513 1815 1661 1855 videri.

578 1881 640 1923 Ac
679 1883 793 1925 velut
828 1883 874 1923 in
916 1884 1045 1924 saltus
1083 1883 1299 1937 scopulosa
1336 1880 1449 1922 Bieri
1487 1880 1596 1921 saltu

439 1946 549 1989 1390
578 1947 793 2002 Praecipiti
831 1948 964 1988 mittit
1003 1947 1165 2002 ingenti
1204 1961 1376 2001 corpore
1414 1960 1606 1997 cervum,

585 2012 715 2069 Cujus
753 2014 979 2055 multifidos
1018 2019 1246 2054 numerant
1284 2011 1311 2053 a
1349 2011 1545 2052 cornibus
1585 2024 1718 2051 annos
1731 2041 1743 2061 ,

581 2078 723 2119 Mense
761 2080 839 2120 sub
877 2079 1049 2120 Octobri
1085 2079 1274 2120 nondum
1309 2076 1552 2131 Septembre
1588 2081 1779 2129 peracto,

582 2142 739 2184 Annua
777 2145 947 2198 quando
987 2145 1105 2185 novis
1145 2157 1276 2184 venus
1318 2140 1466 2181 incitat
1508 2139 1675 2193 ignibus
1717 2138 1861 2188 illum,

587 2206 771 2248 Cursitat
806 2209 851 2249 in
896 2222 1038 2249 cervos
1075 2221 1240 2249 ramosa
1278 2206 1414 2248 fronte
1450 2204 1632 2244 minores

588 2271 794 2313 Omnibus
838 2278 887 2314 ut
925 2273 1054 2328 pulsis
1090 2273 1224 2314 victor
1262 2271 1339 2314 sub
1377 2268 1561 2323 tegmine
1600 2267 1697 2322 fagi'

586 2336 806 2379 Connubio
839 2353 1003 2381 cervam
1036 2339 1144 2379 solus
1182 2337 1260 2378 sihi
1299 2335 1452 2378 subdat
1489 2338 1694 2385 amatam,

586 2399 710 2442 Haud
749 2416 864 2443 secus
903 2403 926 2443 ὲ
963 2404 1152 2458 peditum
1188 2402 1350 2452 medio,
1393 2398 1545 2454 quibus
1583 2398 1670 2453 ipse
1707 2398 1887 2440 rotundo

585 2464 645 2507 Ut
683 2472 818 2508 castro
856 2482 959 2510 cava
1000 2483 1043 2509 se
1079 2469 1420 2521 circumsepserat
1458 2469 1563 2505 arte.
