2395 3251
1281 419 1345 452 100

596 498 705 537 Dum
742 496 860 536 vultu
896 494 1066 536 fortuna
1100 496 1192 550 pari
1226 495 1444 538 blanditur
1475 499 1683 553 utrisque,

598 560 766 601 Viribus
800 560 1011 600 immensis
1046 561 1250 616 solitoque
1282 561 1422 602 furore
1455 563 1652 604 resistunt

596 626 886 680 Francigenis,
924 640 1002 666 nec
1036 626 1176 667 adhuc
1209 627 1344 667 rabies
1378 626 1672 681 Alemannica,
1705 643 1834 684 quam
1871 630 1922 670 sit

603 691 862 733 Francorum
896 691 1049 732 virtute
1083 692 1238 742 minor,
1276 706 1318 731 se
1353 692 1456 732 scire
1489 691 1660 733 fatetur.

651 890 727 929 Ast
763 889 835 929 ubi
875 889 1086 929 Saxonum
1119 889 1291 930 tandem
1325 887 1416 929 Rex
1450 888 1591 942 attigit
1623 902 1796 942 agmen,

595 954 626 994 F
629 953 929 1008 rancigenique
963 968 1084 994 suum
1122 954 1316 995 viderunt
1349 968 1391 994 se
1421 969 1551 1009 prope
1585 955 1765 1010 Regem,

595 1017 729 1069 Quem
763 1023 884 1058 tanta
912 1018 1080 1059 levitate
1112 1019 1159 1058 in
1193 1033 1349 1073 equum
1383 1020 1613 1061 ascendisse
1648 1020 1892 1076 stupebant,

592 1083 863 1123 Theutonicis
898 1083 1067 1134 horror,
1106 1084 1278 1124 Francis
1314 1085 1492 1125 audacia
1526 1085 1678 1135 crevit,

595 1146 696 1203 Ejus
730 1148 776 1187 in
811 1148 993 1188 adventu
1027 1148 1187 1190 fervore
1223 1149 1395 1189 calentis
1429 1156 1471 1190 et
1505 1150 1584 1190 ira.

454 1211 566 1252 1470
656 1212 765 1266 Ergo
800 1213 1005 1253 reviviscit
1033 1227 1198 1267 pugna,
1236 1227 1286 1252 ac
1319 1214 1352 1253 si
1388 1215 1507 1254 nulla
1540 1213 1698 1254 fuisset.

590 1277 802 1317 Hactenus
835 1278 1006 1318 alternis
1044 1284 1288 1319 sternuntur
1316 1279 1522 1333 stragibus
1554 1280 1674 1332 agri:

593 1341 847 1382 Sternuntur
886 1343 1046 1383 domini
1081 1343 1257 1397 quidam
1292 1343 1379 1383 sine
1413 1345 1606 1395 vulnere,
1650 1345 1802 1385 multos

590 1405 645 1445 Et
678 1406 868 1446 dominos
905 1413 947 1446 et
981 1421 1109 1460 equos
1144 1408 1265 1460 lapsu
1299 1422 1409 1447 mors
1444 1410 1554 1448 tollit
1588 1410 1633 1449 in
1667 1410 1756 1463 ipso
1765 1442 1776 1460 ,

592 1470 650 1511 Ut
682 1471 863 1509 moriens
900 1476 1018 1511 vecto
1053 1469 1182 1511 faciat
1215 1471 1364 1511 solatia
1398 1478 1540 1513 vector

589 1534 649 1575 Ne
687 1534 855 1574 domino
896 1536 1046 1575 amisso
1089 1535 1232 1575 scandi
1269 1536 1515 1590 indignetur
1552 1538 1607 1577 ab
1645 1538 1778 1579 hoste.

591 1599 698 1639 Sunt
735 1600 809 1653 qui
845 1599 1075 1640 interfectis
1105 1600 1283 1654 propriis
1319 1601 1551 1642 vectoribus
1589 1603 1668 1657 ipsi

590 1664 699 1704 Dum
735 1665 909 1719 pedibus
945 1670 1103 1704 stantes
1137 1673 1330 1719 pugnant
1364 1681 1468 1720 quos
1502 1681 1620 1707 casus
1654 1668 1806 1708 eisdem

592 1728 790 1769 Errantes
825 1729 947 1768 offert
988 1730 1032 1768 in
1073 1743 1200 1783 equos
1234 1731 1457 1771 ascendere
1491 1733 1695 1785 gaudent,

591 1793 675 1833 Nec
711 1800 832 1834 curat
869 1795 1038 1849 proprio
1072 1795 1258 1849 privatus
1291 1794 1398 1834 forte
1431 1794 1619 1850 repertus

454 1857 566 1898 1480
598 1858 665 1898 An
704 1859 757 1898 sit
796 1873 928 1913 equus
967 1860 1086 1911 socii,
1128 1860 1196 1900 cui
1235 1874 1276 1899 se
1311 1862 1597 1913 commendat,
1633 1877 1690 1903 an
1725 1864 1867 1904 hostis.

592 1922 697 1963 Tam
731 1922 981 1963 festinanter
1015 1930 1244 1978 properant
1277 1925 1321 1965 in
1360 1926 1473 1966 bella
1506 1927 1657 1968 redire.

648 1988 727 2028 Hic
762 1988 897 2042 Longi
932 1988 1167 2043 Stephanus
1203 1989 1352 2045 Campi
1388 1991 1645 2044 dominator,
1683 1995 1831 2049 iniquo

594 2053 737 2093 Sidere
773 2054 841 2093 cui
877 2053 996 2093 filum
1025 2054 1117 2109 jam
1151 2069 1346 2110 rumpere
1380 2056 1515 2097 Parca
1546 2059 1744 2111 parabat,

595 2117 700 2158 Cum
736 2118 932 2158 membris
967 2125 1072 2159 esset
1104 2119 1335 2170 immensis,
1374 2125 1502 2174 atque
1535 2122 1721 2175 vigorem

594 2182 780 2224 Adderet
814 2186 1035 2235 immenso,
1073 2185 1178 2226 vires
1213 2185 1390 2225 audacia
1423 2185 1542 2235 forti,

592 2248 703 2288 Ante
738 2249 875 2303 ipsum
909 2248 1067 2304 Regem
1100 2250 1232 2289 multo
1266 2250 1548 2291 circumdatus
1583 2252 1702 2294 hoste

597 2314 821 2355 Obstantes
857 2329 971 2355 nunc
1005 2329 1100 2355 ense
1135 2321 1267 2366 secat,
1306 2329 1421 2356 nunc
1454 2330 1629 2372 corpora
1663 2318 1761 2360 forti

592 2379 750 2419 Prensa
783 2394 931 2430 manu,
971 2380 1140 2435 quando
1173 2381 1356 2435 spatium
1391 2395 1477 2421 non
1511 2382 1673 2423 invenit
1706 2385 1834 2435 ictus,

592 2441 832 2483 Hinnisonis
868 2444 1039 2498 depellit
1071 2445 1207 2499 equis,
1251 2460 1365 2486 nunc
1401 2446 1533 2487 mixta
1566 2450 1790 2504 peremptis

451 2505 559 2545 1490
593 2506 697 2547 Viva
736 2522 981 2549 coacervans
1017 2509 1155 2550 aliena
1187 2511 1285 2551 tabe
1320 2512 1528 2567 voluptat.
1699 2508 1703 2512 ’
