2395 3251
1282 365 1327 395 64

557 446 704 486 verius
739 450 787 484 ut
821 444 968 483 doceat
1003 441 1207 482 Saxonem
1241 441 1504 489 Parisianus,

557 511 694 562 Quam
726 523 823 549 saxo
851 507 987 564 jactet
1020 522 1048 547 a
1080 521 1122 547 se
1157 507 1306 547 debere
1340 506 1501 557 doceri,

555 576 610 616 Et
642 576 721 616 tihi
755 576 839 615 dux
872 574 987 625 Odo,
1021 573 1206 628 quereris
1241 573 1316 627 qui
1349 586 1460 626 saepe
1489 569 1650 619 venire,

556 641 771 682 Terminet
804 654 891 681 una
924 640 1010 680 dies
1045 639 1208 679 Franco
1237 639 1392 678 victore
1426 638 1628 678 laborem.
1653 651 1670 672 »

442 706 527 747 920
615 705 731 746 Dixit
764 711 806 746 et
840 705 986 745 audita
1019 704 1116 745 velli
1151 703 1334 744 tentoria
1367 703 1492 743 missa

557 771 765 825 Imperat,
799 776 841 810 et
875 770 1011 824 gelido
1047 769 1124 809 sub
1152 782 1276 808 mane
1309 770 1445 810 redire
1479 768 1672 809 Bovinas.

557 836 644 876 Cur
676 835 738 875 ita
770 841 812 875 te
839 834 976 891 jactas
1007 830 1151 873 Otho?
1186 847 1261 874 cur
1295 834 1462 874 ensibus
1497 846 1613 873 enses

561 899 843 940 Theutonicos
878 899 1052 940 Francis
1088 897 1243 939 frustra
1277 899 1476 953 praeferre
1510 892 1709 939 laboras?

558 965 817 1007 Francorum
851 964 997 1005 rubuit
1032 964 1181 1019 gladiis
1216 963 1396 1005 Saxonia
1431 963 1613 1014 dudum,

558 1031 666 1073 Cum
700 1032 871 1072 meritas
901 1031 1030 1072 subiit
1064 1031 1222 1071 Karolo
1258 1030 1337 1071 sub
1370 1028 1534 1071 vindice
1569 1039 1738 1082 poenas,

558 1097 642 1149 Qui
676 1098 841 1138 nullum
875 1111 1085 1153 superesse
1121 1110 1280 1137 marem
1313 1094 1500 1150 permisit
1528 1093 1575 1133 in
1609 1092 1705 1141 illa,

560 1162 678 1204 Illius
714 1163 853 1217 gladio
889 1163 964 1218 qui
999 1176 1172 1216 corpore
1205 1161 1370 1215 longior
1404 1165 1522 1200 esset.

618 1228 700 1269 Vix
727 1243 750 1269 e
779 1233 1004 1284 conspectu
1036 1227 1217 1267 Tornaci
1249 1241 1291 1267 se
1324 1227 1481 1266 tulerat
1514 1225 1605 1265 Rex
1613 1255 1624 1274 ‚

560 1292 667 1334 Cum
697 1308 794 1335 suus
822 1293 1032 1334 Othonem
1066 1293 1173 1348 petit
1205 1291 1466 1346 explorator,
1506 1296 1547 1330 et
1579 1289 1643 1329 illi

447 1359 531 1398 950
565 1357 740 1399 Intimat
773 1360 1000 1399 attonitum
1035 1358 1165 1398 nimio
1193 1363 1352 1397 terrore
1385 1354 1654 1409 Philippum,

561 1423 928 1477 Francigenasque
961 1437 1055 1463 suos
1089 1421 1288 1476 fugiendo
1322 1419 1458 1461 redire
1490 1418 1714 1459 Peronam.

621 1487 913 1542 Deceptusque
948 1501 1068 1527 suum
1104 1486 1322 1527 dominum
1350 1485 1542 1540 decepit:
1580 1490 1626 1525 at
1659 1484 1730 1524 ille

562 1554 737 1594 Frustra
769 1552 1009 1607 concipiens
1044 1553 1233 1593 animoso
1267 1551 1423 1605 gaudia
1451 1550 1597 1599 corde,

561 1618 693 1658 Arma
724 1618 838 1671 rapit
870 1623 1098 1670 portasque
1133 1616 1276 1656 furens
1308 1620 1402 1669 post
1428 1620 1548 1668 terga
1582 1613 1813 1668 relinquit:

560 1684 690 1724 Totus
725 1688 768 1722 et
802 1681 1017 1735 egrediens
1051 1680 1255 1719 exercitus
1289 1679 1478 1732 undique
1510 1679 1648 1719 densis

565 1747 679 1787 More
716 1747 970 1786 locustarum
1008 1744 1245 1798 legionibus
1279 1744 1434 1784 occulit
1467 1757 1588 1797 agros
1608 1775 1619 1794 ‚

564 1812 655 1852 Non
689 1811 816 1851 ramis
850 1810 1049 1864 perplexa
1081 1809 1252 1850 virentis
1286 1808 1391 1849 silva
1426 1808 1561 1848 salicti

564 1879 658 1918 Non
687 1876 867 1933 juncosa
900 1876 1021 1930 palus
1056 1875 1156 1915 cetis
1190 1874 1354 1915 obsessa
1387 1873 1572 1923 lacunis,

565 1944 656 1984 Non
692 1943 792 1982 limo
825 1942 972 1991 tellus,
1011 1945 1176 1981 carecto
1206 1945 1248 1980 et
1283 1939 1445 1992 glutine
1480 1941 1673 1991 sordens,

451 2011 535 2050 940
566 2008 724 2049 Tardat
758 2021 844 2057 θος,
882 2011 1077 2046 metuunt
1110 2019 1164 2045 ne
1198 2004 1351 2044 Franci
1385 2005 1628 2046 transierint
1656 2004 1750 2062 jam

569 2075 707 2115 Antea
739 2087 868 2128 quam
902 2072 1061 2126 possint
1095 2071 1187 2111 illos
1221 2070 1428 2124 attingere
1462 2076 1633 2124 pontem
1652 2101 1663 2120 ,

566 2140 701 2194 Inque
736 2139 868 2179 vicem
900 2137 1126 2177 hortantur
1161 2135 1393 2176 calcaribus
1428 2136 1582 2176 acriter
1616 2137 1703 2187 uti,

566 2204 625 2244 Ut
658 2203 790 2257 magis
825 2202 1076 2251 accelerent,
1115 2201 1413 2254 indiscretique
1448 2201 1735 2256 propinquum

569 2269 661 2309 Non
696 2272 892 2309 metuunt
927 2281 1092 2316 casum,
1127 2272 1169 2306 et
1202 2266 1350 2306 merito
1385 2267 1590 2307 labuntur
1624 2268 1687 2308 in'
1705 2268 1858 2324 ipsum.

627 2333 719 2385 Quo
754 2332 874 2372 ruitis
912 2332 1099 2386 peritura
1133 2345 1304 2382 manuS‚
1345 2332 1454 2372 male
1488 2332 1636 2387 praelia
1669 2338 1824 2374 tractat

569 2397 768 2450 Impetus.
806 2395 873 2436 An
907 2411 1047 2450 regem
1083 2398 1141 2437 sic
1174 2402 1334 2437 vertere
1368 2403 1489 2452 terga
1523 2398 1679 2452 putatis
1698 2430 1710 2449 ,

572 2461 686 2516 Quin
719 2459 834 2501 vobis
868 2461 976 2502 ausit
1010 2475 1128 2504 versa
1161 2475 1408 2503 concurrere
1443 2460 1619 2503 fronte?
