2395 3251
1272 379 1317 411 72

573 458 736 512 Agmen
770 459 815 498 in
851 463 1083 498 extremum
1102 488 1112 507 ‚
1151 457 1306 498 clamat
1323 488 1335 508 ,
1366 456 1460 513 jam
1497 456 1661 512 prosilit
1693 454 1850 508 hostis,

571 522 642 563 Nil
677 521 978 577 Campanensis
1015 523 1145 573 acies,
1185 523 1246 563 nil
1282 521 1492 563 sufficiunt
1528 521 1574 562 hi

570 586 683 638 Quos
718 588 841 627 modo
876 588 1041 628 misistis
1059 619 1071 638 ,
1109 593 1157 628 ut
1191 602 1261 628 eos
1295 588 1564 642 retropellere
1597 587 1756 643 possint
1773 618 1785 638 ‚

570 651 766 707 Dumque
802 653 885 693 illis
921 654 1090 694 obstant
1123 660 1165 694 et
1198 668 1265 694 eos
1299 653 1467 694 tardare
1496 653 1693 694 laborant
1710 683 1722 705 ‚

571 717 783 760 Continuo
817 725 992 775 egerunt
1026 721 1090 761 his
1117 719 1210 777 jam
1245 720 1328 760 duo
1363 719 1497 761 millia
1530 732 1671 773 passu.

624 849 759 890 Motus
795 851 849 891 ad
882 851 994 892 hanc
1031 865 1175 893 vocem
1208 865 1281 892 rex
1313 849 1410 890 ilico
1445 848 1578 902 surgit
1612 853 1655 888 et
1687 848 1821 887 intrat

567 913 821 966 Ecclesiam,
859 915 1121 972 Dominoque
1155 930 1277 958 suum
1310 913 1577 955 commendat
1611 925 1807 967 agonem.

428 977 537 1018 1050
568 978 794 1034 Finitaque
829 981 946 1022 brevi
982 996 1106 1036 prece
1141 996 1237 1022 mox
1269 994 1479 1036 egressus:
1527 996 1545 1016 (ι
1566 978 1725 1020 Euntes

423 1762 531 1804 1060

567 1060 585 1080 »
610 1043 868 1086 Festinemus
881 1075 893 1096 ,
935 1047 996 1087 ait
1012 1078 1024 1097 ,
1064 1046 1184 1087 sociis
1217 1059 1459 1087 succurrere
1494 1044 1646 1085 nostris
1661 1075 1675 1095 ‚

569 1126 586 1146 »
613 1109 705 1150 Non
741 1111 943 1152 irascetur
978 1111 1088 1152 Deus
1122 1126 1241 1153 arma
1279 1109 1451 1165 quando
1485 1109 1668 1150 feramus

566 1192 584 1212 »
609 1175 706 1216 Illos
742 1177 775 1216 si
811 1182 959 1218 contra
994 1183 1156 1218 sacrato
1187 1183 1374 1231 tempore
1391 1205 1403 1225 ,
1441 1175 1516 1230 qui
1550 1188 1626 1214 nos

567 1257 585 1277 »
610 1240 869 1296 Impugnant
886 1273 898 1292 ‚
935 1242 1007 1283 sed
1040 1256 1119 1283 nec
1151 1241 1392 1283 Machabeis
1427 1246 1489 1281 est
1522 1245 1765 1295 reputatum

568 1322 585 1341 »
611 1303 678 1345 Ad
711 1307 877 1362 culpam
898 1338 909 1357 ,
947 1307 1061 1362 quod
1094 1321 1136 1347 se
1170 1320 1245 1361 per
1278 1306 1456 1347 sabbata
1489 1311 1635 1347 sancta
1667 1305 1825 1348 tuendo
1846 1334 1860 1356 ‚

565 1386 582 1406 »
608 1369 786 1411 Hostiles
821 1377 965 1411 sancto
999 1372 1105 1412 vires
1138 1371 1329 1425 repulere
1363 1370 1554 1425 trophaeo
1570 1402 1582 1422 ,

565 1451 582 1470 »
608 1433 740 1474 Immo
770 1435 838 1475 die
872 1450 1061 1491 pugnare
1094 1436 1226 1490 magis
1262 1449 1336 1475 nos
1372 1436 1568 1476 convenit
1606 1436 1687 1476 ista

566 1515 584 1535 »
609 1498 658 1538 In
695 1512 781 1553 qua
816 1514 892 1555 pro
927 1500 1048 1540 nobis
1080 1500 1260 1540 Domino
1292 1501 1544 1557 generaliter
1575 1502 1710 1542 omnis

565 1582 582 1601 »
608 1564 826 1620 Supplicat
861 1566 1033 1607 ecclesia
1049 1598 1061 1618 ‚
1098 1567 1166 1607 cui
1201 1579 1275 1607 nos
1310 1572 1556 1621 praestamus
1592 1567 1763 1608 amicos.

579 1765 589 1776 '
622 1764 723 1804 Haec
758 1764 897 1806 dicens
932 1767 1057 1807 armis
1092 1781 1240 1822 corpus
1275 1770 1505 1824 praemunit
1539 1776 1580 1811 et
1615 1771 1701 1811 alto

564 1830 700 1870 Insilit
736 1830 846 1871 altus
876 1845 1007 1886 equo,
1042 1833 1280 1888 lituumque
1312 1833 1512 1876 horrente
1543 1836 1674 1876 boatu

563 1895 685 1936 Circa
723 1895 859 1950 ipsum
894 1910 1019 1940 cursu
1051 1897 1193 1941 reduci
1226 1897 1396 1941 festinat
1433 1901 1478 1941 in
1512 1900 1690 1942 hostem.
