2395 3251
1270 384 1313 415 92

574 471 722 510 Pectus
764 473 806 508 et
850 480 925 507 ora
967 463 1060 505 fidit
1103 461 1289 503 maculas
1328 460 1480 501 toracis
1492 490 1503 510 ,
1546 465 1589 499 et
1632 472 1764 513 usque

568 534 663 585 Qua
704 533 819 587 ligno
857 531 1057 588 junctum
1095 533 1157 569 est
1200 526 1301 568 ferri
1340 525 1545 580 transegit
1587 538 1764 565 acumen

566 599 649 640 Per
692 599 845 638 collare
881 595 1057 651 triplex,
1097 599 1140 634 et
1184 606 1259 648 per
1299 592 1475 633 thoraca
1513 591 1693 632 trilicem

568 664 756 719 Impulsu
786 663 925 705 valido
961 660 1093 701 menti
1127 659 1297 712 regione
1332 657 1408 698 sub
1442 657 1555 712 ipsa,

568 728 695 770 Carni
730 729 973 782 contiguum
1003 724 1231 780 prohibens
1263 721 1290 762 a
1324 722 1495 763 vulnere
1528 720 1701 762 ferrum.

431 794 539 837 1340
569 794 762 850 Dumque
799 795 853 835 ad
887 807 928 834 se
960 792 1084 833 vellet
1117 790 1283 830 hastam
1310 800 1504 827 revocare
1537 785 1766 835 trahendo,

565 860 736 901 Restitit
769 859 924 899 uncino
958 855 1132 897 maculis
1167 854 1356 894 haerente
1391 852 1570 907 plicatis.

568 923 737 965 Viribus
771 924 842 963 ille
875 922 1008 962 trahit
1042 919 1295 976 majoribus,
1331 917 1618 971 auxiliumque

565 989 702 1030 Dante
739 989 817 1029 sibi
851 988 1000 1038 turba,
1037 986 1279 1041 prolapsum
1315 995 1486 1036 corpore
1520 987 1609 1021 toto

564 1053 647 1094 Ore
678 1053 780 1100 facit
814 1067 947 1107 prono
982 1057 1108 1091 terrae
1142 1047 1414 1104 procumbere
1446 1046 1620 1100 Regem.

564 1119 774 1159 Sternitur
809 1117 981 1171 indigno
1017 1120 1152 1155 stratu
1183 1113 1323 1168 regale
1359 1114 1474 1163 loeo,
1514 1126 1592 1152 nec

565 1182 694 1222 Strati
730 1196 833 1236 pace
866 1181 949 1221 frui
984 1181 1134 1220 sinitur
1169 1192 1295 1233 quem
1331 1177 1514 1217 calcibus
1548 1177 1647 1217 inde

567 1246 887 1300 Quadrupedes,
924 1259 1082 1286 manus·
1107 1244 1210 1283 hinc
1245 1243 1468 1283 contundit
1501 1243 1684 1282 barbara
1717 1241 1824 1281 telis.

564 1311 661 1351 Mox
695 1317 836 1351 tamen
871 1315 1057 1351 erectum
1093 1309 1218 1349 rectis
1252 1308 1442 1348 insistere
1475 1307 1630 1362 plantis

564 1375 636 1415 Vis
671 1376 820 1415 innata
853 1375 974 1424 facit,
1013 1374 1085 1413 sed
1119 1373 1257 1413 adhuc
1290 1373 1367 1412 sub
1403 1378 1573 1426 gutture
1607 1372 1690 1412 fixa

423 1439 534 1481 1350
565 1440 762 1480 Haerebat
798 1440 955 1494 cuspis,
992 1438 1166 1478 maculis
1200 1438 1383 1493 implexa
1416 1436 1623 1486 reductis,

562 1504 617 1544 Et
647 1518 841 1559 suprema
875 1504 994 1558 plicis
1029 1503 1187 1543 tunicae
1221 1516 1345 1558 super
1380 1515 1498 1542 arma
1533 1501 1719 1541 nitentis.

561 1569 699 1621 Quam
734 1569 834 1609 dum
869 1568 1145 1622 Francigenae
1180 1568 1422 1618 retrahunt,
1460 1568 1681 1621 hostesque
1715 1566 1952 1621 repellunt,

561 1634 757 1686 Dumque
787 1638 962 1687 paratur
996 1645 1150 1685 equuS,
1188 1646 1272 1685 quo
1306 1633 1399 1672 Rex
1431 1632 1653 1673 ascendere
1688 1632 1844 1686 possit:

561 1698 669 1737 Ecce
703 1696 813 1736 Otho
849 1697 1041 1746 veniens,
1079 1695 1392 1750 furibundaque
1424 1696 1779 1736 Theutonieorum

562 1761 769 1811 Saevities,
808 1760 968 1815 Regem
1004 1760 1128 1799 morti
1161 1760 1350 1814 punisset
1382 1761 1536 1801 ibidem

560 1825 676 1866 Proh
711 1825 861 1865 scelus!
899 1830 941 1865 et
967 1824 1076 1865 tristi
1111 1824 1345 1866 tristassent
1373 1825 1520 1866 funere
1554 1824 1781 1875 mundum,

559 1891 614 1932 Et
647 1891 799 1946 perimi
837 1891 936 1931 satis
971 1890 998 1931 a
1030 1890 1145 1931 facili
1180 1891 1381 1945 potuisset
1415 1891 1469 1931 ab
1502 1890 1610 1941 illis,

556 1956 667 1996 Dum
700 1954 838 2010 jacet,
876 1955 982 2009 eque
1018 1955 1103 1996 solo
1138 1969 1192 1994 ne
1226 1969 1268 1995 se
1303 1956 1412 1997 levet
1444 1954 1619 2010 impedit
1653 1953 1805 2004 hostis,

555 2021 607 2060 Ni
642 2021 855 2061 Barrensis
888 2035 1012 2075 eques
1046 2021 1246 2061 festinans
1265 2052 1277 2072 ‚
1315 2021 1674 2074 Francigenaeque

417 2085 531 2126 1560
566 2084 711 2125 Gloria
744 2099 786 2124 se
821 2086 955 2139 gentis
990 2085 1305 2139 interposuisset
1338 2084 1506 2124 eisdem.

559 2151 641 2203 Qui
676 2157 962 2205 processerunt
997 2151 1140 2205 paucis
1175 2165 1272 2191 cum
1305 2150 1421 2203 Rege
1451 2149 1625 2199 relictis,

559 2215 925 2270 Theutonicosque
958 2221 1187 2269 coegerunt
1219 2215 1265 2255 in
1297 2215 1379 2255 fine
1413 2214 1565 2265 fateri,

558 2279 609 2319 Se
642 2278 737 2320 vere
770 2279 942 2320 Francis
977 2280 1129 2320 collato
1163 2285 1297 2320 marte
1330 2280 1534 2330 minores,

559 2343 720 2383 Debeat
754 2349 802 2383 ut
835 2358 958 2399 super
992 2344 1073 2384 hoc
1108 2344 1199 2385 fieri
1232 2345 1399 2385 collatio
1433 2345 1566 2385 nulla.

562 2406 620 2446 Ut
653 2407 761 2446 saltu
795 2408 885 2448 Rex
919 2423 1081 2464 praepes
1114 2423 1222 2464 equo
1257 2424 1298 2450 se
1327 2410 1533 2460 reddidit,
1571 2410 1636 2450 ira

557 2470 685 2511 Totus
720 2472 1004 2525 inardescens,
1043 2479 1237 2528 totusque
1270 2475 1315 2515 in
1350 2475 1495 2515 limine
1523 2487 1685 2529 poenae,
