<?xml version="1.0" encoding="UTF-8"?>
<!DOCTYPE html PUBLIC "-//W3C//DTD XHTML 1.0 Transitional//EN"
    "http://www.w3.org/TR/xhtml1/DTD/xhtml1-transitional.dtd">
<html xmlns="http://www.w3.org/1999/xhtml" xml:lang="en" lang="en">
 <head>
  <title>
</title>
<meta http-equiv="Content-Type" content="text/html;charset=utf-8" />
  <meta name='ocr-system' content='tesseract 3.04.00' />
  <meta name='ocr-capabilities' content='ocr_page ocr_carea ocr_par ocr_line ocrx_word'/>
</head>
<body>
  <div class='ocr_page' id='page_1' title='image "./philippidedeguil00guil_0084.png"; bbox 0 0 2395 3251; ppageno 0'>
   <div class='ocr_carea' id='block_1_1' title="bbox 1262 379 1305 409">
    <p class='ocr_par' dir='ltr' id='par_1_1' title="bbox 1262 379 1305 409">
     <span class='ocr_line' id='line_1_1' title="bbox 1262 379 1305 409; baseline 0 0"><span class='ocrx_word' id='word_1_1' title='bbox 1262 379 1305 409; x_wconf 74' lang='lat'>56</span> 
     </span>
    </p>
   </div>
   <div class='ocr_carea' id='block_1_2' title="bbox 437 453 1993 2532">
    <p class='ocr_par' dir='ltr' id='par_1_2' title="bbox 564 453 1725 505">
     <span class='ocr_line' id='line_1_2' title="bbox 564 453 1725 505; baseline -0.009 -3"><span class='ocrx_word' id='word_1_2' title='bbox 564 484 582 502; x_wconf 71' lang='grc' dir='ltr'>ι(</span> <span class='ocrx_word' id='word_1_3' title='bbox 613 465 655 504; x_wconf 87' lang='lat' dir='ltr'>Si</span> <span class='ocrx_word' id='word_1_4' title='bbox 690 463 798 502; x_wconf 91' lang='lat' dir='ltr'>solus</span> <span class='ocrx_word' id='word_1_5' title='bbox 834 475 905 500; x_wconf 81' lang='lat' dir='ltr'>rex</span> <span class='ocrx_word' id='word_1_6' title='bbox 940 459 1200 499; x_wconf 80' lang='lat' dir='ltr'><strong>Francorum</strong></span> <span class='ocrx_word' id='word_1_7' title='bbox 1234 470 1319 496; x_wconf 90' lang='lat' dir='ltr'>non</span> <span class='ocrx_word' id='word_1_8' title='bbox 1355 460 1481 505; x_wconf 88' lang='lat' dir='ltr'>esset,</span> <span class='ocrx_word' id='word_1_9' title='bbox 1520 454 1574 494; x_wconf 92' lang='lat' dir='ltr'>ab</span> <span class='ocrx_word' id='word_1_10' title='bbox 1607 453 1725 493; x_wconf 81' lang='lat' dir='ltr'>hoste</span> 
     </span>
    </p>

    <p class='ocr_par' dir='ltr' id='par_1_3' title="bbox 557 519 1638 581">
     <span class='ocr_line' id='line_1_3' title="bbox 557 519 1638 581; baseline -0.007 -14"><span class='ocrx_word' id='word_1_11' title='bbox 557 549 574 567; x_wconf 90' lang='lat'>»</span> <span class='ocrx_word' id='word_1_12' title='bbox 606 528 803 581; x_wconf 83' lang='lat' dir='ltr'>Quolibet</span> <span class='ocrx_word' id='word_1_13' title='bbox 839 527 881 565; x_wconf 91' lang='lat' dir='ltr'>in</span> <span class='ocrx_word' id='word_1_14' title='bbox 918 524 1076 565; x_wconf 92' lang='lat' dir='ltr'>mundo</span> <span class='ocrx_word' id='word_1_15' title='bbox 1111 522 1192 562; x_wconf 88' lang='lat' dir='ltr'>tuti</span> <span class='ocrx_word' id='word_1_16' title='bbox 1223 535 1431 576; x_wconf 83' lang='lat' dir='ltr'>possemus</span> <span class='ocrx_word' id='word_1_17' title='bbox 1466 519 1638 568; x_wconf 83' lang='lat' dir='ltr'>haberi,</span> 
     </span>
    </p>

    <p class='ocr_par' dir='ltr' id='par_1_4' title="bbox 555 583 1726 645">
     <span class='ocr_line' id='line_1_4' title="bbox 555 583 1726 645; baseline -0.008 -13"><span class='ocrx_word' id='word_1_18' title='bbox 555 613 572 632; x_wconf 90' lang='lat'>»</span> <span class='ocrx_word' id='word_1_19' title='bbox 604 594 657 633; x_wconf 82' lang='lat' dir='ltr'>Et</span> <span class='ocrx_word' id='word_1_20' title='bbox 692 599 825 632; x_wconf 88' lang='lat' dir='ltr'>totum</span> <span class='ocrx_word' id='word_1_21' title='bbox 863 590 1011 645; x_wconf 80' lang='lat' dir='ltr'>gladiis</span> <span class='ocrx_word' id='word_1_22' title='bbox 1046 587 1251 628; x_wconf 88' lang='lat' dir='ltr'>mundum</span> <span class='ocrx_word' id='word_1_23' title='bbox 1286 599 1517 641; x_wconf 84' lang='lat' dir='ltr'>supponere</span> <span class='ocrx_word' id='word_1_24' title='bbox 1552 583 1726 633; x_wconf 88' lang='lat' dir='ltr'>nostris,</span> 
     </span>
    </p>

    <p class='ocr_par' dir='ltr' id='par_1_5' title="bbox 556 650 1649 712">
     <span class='ocr_line' id='line_1_5' title="bbox 556 650 1649 712; baseline -0.009 -13"><span class='ocrx_word' id='word_1_25' title='bbox 556 679 573 697; x_wconf 84' lang='lat'>»</span> <span class='ocrx_word' id='word_1_26' title='bbox 602 660 694 712; x_wconf 84' lang='lat' dir='ltr'>Quo</span> <span class='ocrx_word' id='word_1_27' title='bbox 727 658 814 697; x_wconf 83' lang='lat' dir='ltr'>solo</span> <span class='ocrx_word' id='word_1_28' title='bbox 851 662 997 697; x_wconf 89' lang='lat' dir='ltr'>contra</span> <span class='ocrx_word' id='word_1_29' title='bbox 1033 669 1106 694; x_wconf 85' lang='lat' dir='ltr'>nos</span> <span class='ocrx_word' id='word_1_30' title='bbox 1142 652 1408 707; x_wconf 80' lang='lat' dir='ltr'>impendente</span> <span class='ocrx_word' id='word_1_31' title='bbox 1443 650 1649 699; x_wconf 85' lang='lat' dir='ltr'>favorem,</span> 
     </span>
    </p>

    <p class='ocr_par' dir='ltr' id='par_1_6' title="bbox 554 712 1816 773">
     <span class='ocr_line' id='line_1_6' title="bbox 554 712 1816 773; baseline -0.01 -10"><span class='ocrx_word' id='word_1_32' title='bbox 554 744 572 763; x_wconf 92' lang='lat'>»</span> <span class='ocrx_word' id='word_1_33' title='bbox 602 725 656 764; x_wconf 80' lang='lat' dir='ltr'>Et</span> <span class='ocrx_word' id='word_1_34' title='bbox 696 723 804 763; x_wconf 79' lang='lat' dir='ltr'>Cleri</span> <span class='ocrx_word' id='word_1_35' title='bbox 850 735 1018 762; x_wconf 86' lang='lat' dir='ltr'>causam</span> <span class='ocrx_word' id='word_1_36' title='bbox 1053 718 1267 773; x_wconf 83' lang='lat' dir='ltr'>propriam</span> <span class='ocrx_word' id='word_1_37' title='bbox 1303 715 1423 770; x_wconf 81' lang='lat' dir='ltr'>quasi</span> <span class='ocrx_word' id='word_1_38' title='bbox 1453 728 1614 769; x_wconf 86' lang='lat' dir='ltr'>semper</span> <span class='ocrx_word' id='word_1_39' title='bbox 1647 712 1816 753; x_wconf 66' lang='lat' dir='ltr'>habentu</span> 
     </span>
    </p>

    <p class='ocr_par' dir='ltr' id='par_1_7' title="bbox 554 780 1661 843">
     <span class='ocr_line' id='line_1_7' title="bbox 554 780 1661 843; baseline -0.01 -14"><span class='ocrx_word' id='word_1_40' title='bbox 554 809 572 829; x_wconf 92' lang='lat'>»</span> <span class='ocrx_word' id='word_1_41' title='bbox 602 791 682 831; x_wconf 85' lang='lat' dir='ltr'>Nos</span> <span class='ocrx_word' id='word_1_42' title='bbox 717 790 779 829; x_wconf 86' lang='lat' dir='ltr'>ita</span> <span class='ocrx_word' id='word_1_43' title='bbox 812 787 1028 843; x_wconf 85' lang='lat' dir='ltr'>praesumit</span> <span class='ocrx_word' id='word_1_44' title='bbox 1064 784 1332 825; x_wconf 84' lang='lat' dir='ltr'>anathemate</span> <span class='ocrx_word' id='word_1_45' title='bbox 1366 781 1484 835; x_wconf 87' lang='lat' dir='ltr'>Papa</span> <span class='ocrx_word' id='word_1_46' title='bbox 1518 780 1661 829; x_wconf 83' lang='lat' dir='ltr'>ferire,</span> 
     </span>
    </p>

    <p class='ocr_par' dir='ltr' id='par_1_8' title="bbox 553 846 1721 909">
     <span class='ocr_line' id='line_1_8' title="bbox 553 846 1721 909; baseline -0.009 -16"><span class='ocrx_word' id='word_1_47' title='bbox 553 873 571 893; x_wconf 91' lang='lat'>»</span> <span class='ocrx_word' id='word_1_48' title='bbox 601 855 741 909; x_wconf 82' lang='lat' dir='ltr'>Atque</span> <span class='ocrx_word' id='word_1_49' title='bbox 782 854 862 894; x_wconf 88' lang='lat' dir='ltr'>fide</span> <span class='ocrx_word' id='word_1_50' title='bbox 896 857 1055 892; x_wconf 88' lang='lat' dir='ltr'>nostros</span> <span class='ocrx_word' id='word_1_51' title='bbox 1091 862 1280 905; x_wconf 82' lang='lat' dir='ltr'>proceres</span> <span class='ocrx_word' id='word_1_52' title='bbox 1315 846 1526 886; x_wconf 82' lang='lat' dir='ltr'>absolvere</span> <span class='ocrx_word' id='word_1_53' title='bbox 1563 850 1721 885; x_wconf 86' lang='lat' dir='ltr'>nostra.</span> 
     </span>
    </p>

    <p class='ocr_par' dir='ltr' id='par_1_9' title="bbox 553 911 1639 971">
     <span class='ocr_line' id='line_1_9' title="bbox 553 911 1639 971; baseline -0.008 -13"><span class='ocrx_word' id='word_1_54' title='bbox 553 939 570 958; x_wconf 92' lang='lat'>»</span> <span class='ocrx_word' id='word_1_55' title='bbox 601 920 683 971; x_wconf 87' lang='lat' dir='ltr'>Qui</span> <span class='ocrx_word' id='word_1_56' title='bbox 716 919 818 959; x_wconf 90' lang='lat' dir='ltr'>dum</span> <span class='ocrx_word' id='word_1_57' title='bbox 854 917 1019 957; x_wconf 88' lang='lat' dir='ltr'>Sicanio</span> <span class='ocrx_word' id='word_1_58' title='bbox 1054 929 1095 955; x_wconf 87' lang='lat' dir='ltr'>se</span> <span class='ocrx_word' id='word_1_59' title='bbox 1129 913 1218 967; x_wconf 76' lang='lat' dir='ltr'>regi</span> <span class='ocrx_word' id='word_1_60' title='bbox 1249 917 1422 967; x_wconf 88' lang='lat' dir='ltr'>praestat</span> <span class='ocrx_word' id='word_1_61' title='bbox 1457 911 1639 951; x_wconf 86' lang='lat' dir='ltr'>amicum</span> 
     </span>
    </p>

    <p class='ocr_par' dir='ltr' id='par_1_10' title="bbox 437 977 1866 1104">
     <span class='ocr_line' id='line_1_10' title="bbox 554 977 1721 1036; baseline -0.007 -13"><span class='ocrx_word' id='word_1_62' title='bbox 554 1004 571 1023; x_wconf 88' lang='lat'>»</span> <span class='ocrx_word' id='word_1_63' title='bbox 602 984 741 1025; x_wconf 81' lang='lat' dir='ltr'>Audet</span> <span class='ocrx_word' id='word_1_64' title='bbox 775 984 820 1023; x_wconf 89' lang='lat' dir='ltr'>in</span> <span class='ocrx_word' id='word_1_65' title='bbox 855 982 1077 1036; x_wconf 88' lang='lat' dir='ltr'>imperium</span> <span class='ocrx_word' id='word_1_66' title='bbox 1112 980 1217 1020; x_wconf 82' lang='lat' dir='ltr'>vires</span> <span class='ocrx_word' id='word_1_67' title='bbox 1252 977 1473 1017; x_wconf 82' lang='lat' dir='ltr'>extendere</span> <span class='ocrx_word' id='word_1_68' title='bbox 1508 983 1721 1025; x_wconf 87' lang='lat' dir='ltr'>nostrum,</span> 
     </span>
     <span class='ocr_line' id='line_1_11' title="bbox 437 1041 1866 1104; baseline -0.006 -15"><span class='ocrx_word' id='word_1_69' title='bbox 437 1053 524 1094; x_wconf 81' lang='grc'>800</span> <span class='ocrx_word' id='word_1_70' title='bbox 555 1069 571 1089; x_wconf 88' lang='lat'>»</span> <span class='ocrx_word' id='word_1_71' title='bbox 602 1051 685 1103; x_wconf 85' lang='lat' dir='ltr'>Qui</span> <span class='ocrx_word' id='word_1_72' title='bbox 721 1064 850 1104; x_wconf 78' lang='lat' dir='ltr'>genus</span> <span class='ocrx_word' id='word_1_73' title='bbox 882 1049 928 1089; x_wconf 88' lang='lat' dir='ltr'>in</span> <span class='ocrx_word' id='word_1_74' title='bbox 962 1053 1150 1090; x_wconf 85' lang='lat' dir='ltr'>nostrum</span> <span class='ocrx_word' id='word_1_75' title='bbox 1187 1056 1349 1098; x_wconf 82' lang='lat' dir='ltr'>semper</span> <span class='ocrx_word' id='word_1_76' title='bbox 1384 1049 1597 1097; x_wconf 73' lang='lat' dir='ltr'>grassatur</span> <span class='ocrx_word' id='word_1_77' title='bbox 1632 1047 1673 1081; x_wconf 90' lang='lat' dir='ltr'>et</span> <span class='ocrx_word' id='word_1_78' title='bbox 1707 1041 1866 1095; x_wconf 84' lang='lat' dir='ltr'>ipsum,</span> 
     </span>
    </p>

    <p class='ocr_par' dir='ltr' id='par_1_11' title="bbox 554 1107 1705 1168">
     <span class='ocr_line' id='line_1_12' title="bbox 554 1107 1705 1168; baseline -0.007 -13"><span class='ocrx_word' id='word_1_79' title='bbox 554 1136 571 1155; x_wconf 89' lang='lat'>»</span> <span class='ocrx_word' id='word_1_80' title='bbox 604 1116 687 1168; x_wconf 87' lang='lat' dir='ltr'>Qui</span> <span class='ocrx_word' id='word_1_81' title='bbox 721 1121 810 1155; x_wconf 88' lang='lat' dir='ltr'>tam</span> <span class='ocrx_word' id='word_1_82' title='bbox 847 1115 987 1168; x_wconf 78' lang='lat' dir='ltr'>largus</span> <span class='ocrx_word' id='word_1_83' title='bbox 1023 1126 1120 1167; x_wconf 89' lang='lat' dir='ltr'>opes</span> <span class='ocrx_word' id='word_1_84' title='bbox 1155 1111 1264 1166; x_wconf 89' lang='lat' dir='ltr'>pluit</span> <span class='ocrx_word' id='word_1_85' title='bbox 1296 1116 1338 1150; x_wconf 90' lang='lat' dir='ltr'>et</span> <span class='ocrx_word' id='word_1_86' title='bbox 1370 1109 1548 1150; x_wconf 86' lang='lat' dir='ltr'>donaria</span> <span class='ocrx_word' id='word_1_87' title='bbox 1584 1107 1705 1148; x_wconf 89' lang='lat' dir='ltr'>nobis</span> 
     </span>
    </p>

    <p class='ocr_par' dir='ltr' id='par_1_12' title="bbox 553 1175 1563 1234">
     <span class='ocr_line' id='line_1_13' title="bbox 553 1175 1563 1234; baseline -0.005 -15"><span class='ocrx_word' id='word_1_88' title='bbox 553 1199 571 1219; x_wconf 92' lang='lat'>»</span> <span class='ocrx_word' id='word_1_89' title='bbox 599 1181 759 1234; x_wconf 78' lang='lat' dir='ltr'>Regem</span> <span class='ocrx_word' id='word_1_90' title='bbox 793 1178 1010 1234; x_wconf 77' lang='lat' dir='ltr'>praesumit</span> <span class='ocrx_word' id='word_1_91' title='bbox 1043 1175 1309 1216; x_wconf 83' lang='lat' dir='ltr'>exhaeredare</span> <span class='ocrx_word' id='word_1_92' title='bbox 1340 1176 1563 1215; x_wconf 83' lang='lat' dir='ltr'>Joannem.</span> 
     </span>
    </p>

    <p class='ocr_par' dir='ltr' id='par_1_13' title="bbox 554 1239 1514 1298">
     <span class='ocr_line' id='line_1_14' title="bbox 554 1239 1514 1298; baseline -0.005 -14"><span class='ocrx_word' id='word_1_93' title='bbox 554 1264 572 1284; x_wconf 92' lang='lat'>»</span> <span class='ocrx_word' id='word_1_94' title='bbox 603 1245 711 1286; x_wconf 91' lang='lat' dir='ltr'>Huic</span> <span class='ocrx_word' id='word_1_95' title='bbox 746 1244 875 1298; x_wconf 78' lang='lat' dir='ltr'>igitur</span> <span class='ocrx_word' id='word_1_96' title='bbox 910 1243 986 1283; x_wconf 93' lang='lat' dir='ltr'>soli</span> <span class='ocrx_word' id='word_1_97' title='bbox 1022 1246 1178 1281; x_wconf 86' lang='lat' dir='ltr'>conatu</span> <span class='ocrx_word' id='word_1_98' title='bbox 1208 1239 1396 1280; x_wconf 86' lang='lat' dir='ltr'>insistere</span> <span class='ocrx_word' id='word_1_99' title='bbox 1425 1245 1514 1279; x_wconf 89' lang='lat' dir='ltr'>toto</span> 
     </span>
    </p>

    <p class='ocr_par' dir='ltr' id='par_1_14' title="bbox 554 1305 1700 1364">
     <span class='ocr_line' id='line_1_15' title="bbox 554 1305 1700 1364; baseline -0.004 -16"><span class='ocrx_word' id='word_1_100' title='bbox 554 1329 573 1348; x_wconf 87' lang='lat'>»</span> <span class='ocrx_word' id='word_1_101' title='bbox 602 1309 800 1364; x_wconf 86' lang='lat' dir='ltr'>Expedit,</span> <span class='ocrx_word' id='word_1_102' title='bbox 837 1308 908 1348; x_wconf 87' lang='lat' dir='ltr'>hic</span> <span class='ocrx_word' id='word_1_103' title='bbox 945 1308 1054 1347; x_wconf 91' lang='lat' dir='ltr'>solus</span> <span class='ocrx_word' id='word_1_104' title='bbox 1088 1306 1224 1360; x_wconf 89' lang='lat' dir='ltr'>primo</span> <span class='ocrx_word' id='word_1_105' title='bbox 1262 1305 1479 1345; x_wconf 81' lang='lat' dir='ltr'>occidatur</span> <span class='ocrx_word' id='word_1_106' title='bbox 1514 1309 1700 1358; x_wconf 84' lang='lat' dir='ltr'>oportet,</span> 
     </span>
    </p>

    <p class='ocr_par' dir='ltr' id='par_1_15' title="bbox 558 1369 1664 1429">
     <span class='ocr_line' id='line_1_16' title="bbox 558 1369 1664 1429; baseline -0.005 -15"><span class='ocrx_word' id='word_1_107' title='bbox 558 1395 575 1414; x_wconf 92' lang='lat'>»</span> <span class='ocrx_word' id='word_1_108' title='bbox 606 1376 688 1429; x_wconf 84' lang='lat' dir='ltr'>Qui</span> <span class='ocrx_word' id='word_1_109' title='bbox 724 1375 832 1415; x_wconf 89' lang='lat' dir='ltr'>solus</span> <span class='ocrx_word' id='word_1_110' title='bbox 860 1380 1021 1413; x_wconf 90' lang='lat' dir='ltr'>nostros</span> <span class='ocrx_word' id='word_1_111' title='bbox 1056 1377 1271 1426; x_wconf 89' lang='lat' dir='ltr'>provectus</span> <span class='ocrx_word' id='word_1_112' title='bbox 1307 1369 1505 1424; x_wconf 85' lang='lat' dir='ltr'>impedit,</span> <span class='ocrx_word' id='word_1_113' title='bbox 1545 1375 1587 1409; x_wconf 90' lang='lat' dir='ltr'>et</span> <span class='ocrx_word' id='word_1_114' title='bbox 1621 1382 1664 1408; x_wconf 88' lang='lat' dir='ltr'>se</span> 
     </span>
    </p>

    <p class='ocr_par' dir='ltr' id='par_1_16' title="bbox 555 1435 1702 1496">
     <span class='ocr_line' id='line_1_17' title="bbox 555 1435 1702 1496; baseline -0.005 -17"><span class='ocrx_word' id='word_1_115' title='bbox 555 1460 573 1479; x_wconf 87' lang='lat'>»</span> <span class='ocrx_word' id='word_1_116' title='bbox 603 1440 791 1496; x_wconf 87' lang='lat' dir='ltr'>Opponit</span> <span class='ocrx_word' id='word_1_117' title='bbox 827 1439 971 1488; x_wconf 85' lang='lat' dir='ltr'>nobis,</span> <span class='ocrx_word' id='word_1_118' title='bbox 1011 1437 1209 1490; x_wconf 90' lang='lat' dir='ltr'>omnique</span> <span class='ocrx_word' id='word_1_119' title='bbox 1247 1435 1294 1474; x_wconf 85' lang='lat' dir='ltr'>fit</span> <span class='ocrx_word' id='word_1_120' title='bbox 1325 1435 1455 1475; x_wconf 90' lang='lat' dir='ltr'>hostis</span> <span class='ocrx_word' id='word_1_121' title='bbox 1489 1435 1534 1474; x_wconf 91' lang='lat' dir='ltr'>in</span> <span class='ocrx_word' id='word_1_122' title='bbox 1566 1435 1702 1474; x_wconf 86' lang='lat' dir='ltr'>hoste.</span> 
     </span>
    </p>

    <p class='ocr_par' dir='ltr' id='par_1_17' title="bbox 556 1499 1667 1557">
     <span class='ocr_line' id='line_1_18' title="bbox 556 1499 1667 1557; baseline -0.004 -14"><span class='ocrx_word' id='word_1_123' title='bbox 556 1525 572 1543; x_wconf 67' lang='grc' dir='ltr'>ι)</span> <span class='ocrx_word' id='word_1_124' title='bbox 604 1505 697 1557; x_wconf 87' lang='lat' dir='ltr'>Quo</span> <span class='ocrx_word' id='word_1_125' title='bbox 733 1518 828 1544; x_wconf 86' lang='lat' dir='ltr'>mox</span> <span class='ocrx_word' id='word_1_126' title='bbox 864 1503 1047 1542; x_wconf 82' lang='lat' dir='ltr'>extincto</span> <span class='ocrx_word' id='word_1_127' title='bbox 1085 1501 1268 1554; x_wconf 87' lang='lat' dir='ltr'>reliquos</span> <span class='ocrx_word' id='word_1_128' title='bbox 1303 1501 1461 1540; x_wconf 87' lang='lat' dir='ltr'>vincire</span> <span class='ocrx_word' id='word_1_129' title='bbox 1496 1499 1667 1555; x_wconf 85' lang='lat' dir='ltr'>potestis</span> 
     </span>
    </p>

    <p class='ocr_par' dir='ltr' id='par_1_18' title="bbox 556 1564 1769 1621">
     <span class='ocr_line' id='line_1_19' title="bbox 556 1564 1769 1621; baseline -0.005 -12"><span class='ocrx_word' id='word_1_130' title='bbox 556 1590 573 1609; x_wconf 87' lang='lat'>»</span> <span class='ocrx_word' id='word_1_131' title='bbox 604 1571 670 1611; x_wconf 88' lang='lat' dir='ltr'>Ad</span> <span class='ocrx_word' id='word_1_132' title='bbox 705 1570 894 1617; x_wconf 87' lang='lat' dir='ltr'>libitum,</span> <span class='ocrx_word' id='word_1_133' title='bbox 932 1579 1193 1621; x_wconf 79' lang='lat' dir='ltr'>regnumque</span> <span class='ocrx_word' id='word_1_134' title='bbox 1221 1564 1326 1621; x_wconf 77' lang='lat' dir='ltr'>jugo</span> <span class='ocrx_word' id='word_1_135' title='bbox 1361 1578 1594 1621; x_wconf 86' lang='lat' dir='ltr'>supponere</span> <span class='ocrx_word' id='word_1_136' title='bbox 1628 1569 1769 1603; x_wconf 89' lang='lat' dir='ltr'>nostro</span> 
     </span>
    </p>

    <p class='ocr_par' dir='ltr' id='par_1_19' title="bbox 443 1630 1777 1754">
     <span class='ocr_line' id='line_1_20' title="bbox 557 1630 1588 1689; baseline -0.006 -15"><span class='ocrx_word' id='word_1_137' title='bbox 557 1655 574 1674; x_wconf 89' lang='lat'>»</span> <span class='ocrx_word' id='word_1_138' title='bbox 603 1637 658 1676; x_wconf 89' lang='lat' dir='ltr'>Et</span> <span class='ocrx_word' id='word_1_139' title='bbox 694 1636 752 1675; x_wconf 90' lang='lat' dir='ltr'>sic</span> <span class='ocrx_word' id='word_1_140' title='bbox 788 1634 938 1689; x_wconf 88' lang='lat' dir='ltr'>partiri</span> <span class='ocrx_word' id='word_1_141' title='bbox 974 1633 1094 1672; x_wconf 86' lang='lat' dir='ltr'>nobis</span> <span class='ocrx_word' id='word_1_142' title='bbox 1124 1632 1238 1685; x_wconf 88' lang='lat' dir='ltr'>quod</span> <span class='ocrx_word' id='word_1_143' title='bbox 1272 1637 1319 1670; x_wconf 87' lang='lat' dir='ltr'>tu</span> <span class='ocrx_word' id='word_1_144' title='bbox 1353 1630 1588 1684; x_wconf 78' lang='lat' dir='ltr'>Reginalde</span> 
     </span>
     <span class='ocr_line' id='line_1_21' title="bbox 443 1693 1777 1754; baseline -0.007 -13"><span class='ocrx_word' id='word_1_145' title='bbox 443 1702 530 1743; x_wconf 74' lang='lat'>810</span> <span class='ocrx_word' id='word_1_146' title='bbox 561 1719 577 1738; x_wconf 70' lang='grc' dir='ltr'>ι)</span> <span class='ocrx_word' id='word_1_147' title='bbox 609 1700 862 1754; x_wconf 86' lang='lat' dir='ltr'>Appropries</span> <span class='ocrx_word' id='word_1_148' title='bbox 892 1697 971 1737; x_wconf 82' lang='lat' dir='ltr'>tibi</span> <span class='ocrx_word' id='word_1_149' title='bbox 1005 1710 1102 1736; x_wconf 89' lang='lat' dir='ltr'>cum</span> <span class='ocrx_word' id='word_1_150' title='bbox 1136 1700 1226 1734; x_wconf 90' lang='lat' dir='ltr'>tota</span> <span class='ocrx_word' id='word_1_151' title='bbox 1259 1694 1516 1734; x_wconf 89' lang='lat' dir='ltr'>Viromanne</span> <span class='ocrx_word' id='word_1_152' title='bbox 1550 1693 1777 1743; x_wconf 85' lang='lat' dir='ltr'>Peronam,</span> 
     </span>
    </p>

    <p class='ocr_par' dir='ltr' id='par_1_20' title="bbox 557 1758 1651 1812">
     <span class='ocr_line' id='line_1_22' title="bbox 557 1758 1651 1812; baseline -0.005 -9"><span class='ocrx_word' id='word_1_153' title='bbox 557 1784 574 1803; x_wconf 90' lang='lat'>»</span> <span class='ocrx_word' id='word_1_154' title='bbox 603 1765 810 1805; x_wconf 89' lang='lat' dir='ltr'>Parisium</span> <span class='ocrx_word' id='word_1_155' title='bbox 847 1761 1060 1802; x_wconf 85' lang='lat' dir='ltr'>Ferrande</span> <span class='ocrx_word' id='word_1_156' title='bbox 1094 1759 1172 1799; x_wconf 88' lang='lat' dir='ltr'>tihi</span> <span class='ocrx_word' id='word_1_157' title='bbox 1203 1759 1491 1807; x_wconf 80' lang='lat' dir='ltr'>concedimus,</span> <span class='ocrx_word' id='word_1_158' title='bbox 1530 1758 1651 1812; x_wconf 77' lang='lat' dir='ltr'>Hugo</span> 
     </span>
    </p>

    <p class='ocr_par' dir='ltr' id='par_1_21' title="bbox 556 1823 1705 1877">
     <span class='ocr_line' id='line_1_23' title="bbox 556 1823 1705 1877; baseline -0.006 -8"><span class='ocrx_word' id='word_1_159' title='bbox 556 1849 574 1869; x_wconf 69' lang='grc' dir='ltr'>ι)</span> <span class='ocrx_word' id='word_1_160' title='bbox 605 1830 853 1877; x_wconf 66' lang='lat' dir='ltr'>deacum,</span> <span class='ocrx_word' id='word_1_161' title='bbox 882 1827 1047 1869; x_wconf 85' lang='lat' dir='ltr'>Drocas</span> <span class='ocrx_word' id='word_1_162' title='bbox 1082 1824 1239 1864; x_wconf 77' lang='lat' dir='ltr'>habeat</span> <span class='ocrx_word' id='word_1_163' title='bbox 1272 1823 1530 1864; x_wconf 76' lang='lat' dir='ltr'>Saleberieus</span> <span class='ocrx_word' id='word_1_164' title='bbox 1563 1823 1705 1873; x_wconf 87' lang='lat' dir='ltr'>heros,</span> 
     </span>
    </p>

    <p class='ocr_par' dir='ltr' id='par_1_22' title="bbox 558 1888 1677 1943">
     <span class='ocr_line' id='line_1_24' title="bbox 558 1888 1677 1943; baseline -0.008 -7"><span class='ocrx_word' id='word_1_165' title='bbox 558 1915 575 1936; x_wconf 86' lang='lat'>»</span> <span class='ocrx_word' id='word_1_166' title='bbox 606 1896 796 1936; x_wconf 90' lang='lat' dir='ltr'>Castrum</span> <span class='ocrx_word' id='word_1_167' title='bbox 834 1892 1037 1934; x_wconf 86' lang='lat' dir='ltr'>Nantonis</span> <span class='ocrx_word' id='word_1_168' title='bbox 1072 1890 1420 1943; x_wconf 87' lang='lat' dir='ltr'>Gastinetumque</span> <span class='ocrx_word' id='word_1_169' title='bbox 1455 1888 1677 1938; x_wconf 85' lang='lat' dir='ltr'>Girardus,</span> 
     </span>
    </p>

    <p class='ocr_par' dir='ltr' id='par_1_23' title="bbox 558 1954 1721 2004">
     <span class='ocr_line' id='line_1_25' title="bbox 558 1954 1721 2004; baseline -0.005 -5"><span class='ocrx_word' id='word_1_170' title='bbox 558 1980 575 1999; x_wconf 90' lang='lat'>»</span> <span class='ocrx_word' id='word_1_171' title='bbox 606 1961 710 2001; x_wconf 92' lang='lat' dir='ltr'>Cum</span> <span class='ocrx_word' id='word_1_172' title='bbox 744 1958 980 1999; x_wconf 88' lang='lat' dir='ltr'>chassino</span> <span class='ocrx_word' id='word_1_173' title='bbox 1015 1955 1231 1997; x_wconf 89' lang='lat' dir='ltr'>Conradus</span> <span class='ocrx_word' id='word_1_174' title='bbox 1266 1955 1420 1995; x_wconf 90' lang='lat' dir='ltr'>habeto</span> <span class='ocrx_word' id='word_1_175' title='bbox 1457 1954 1721 2004; x_wconf 88' lang='lat' dir='ltr'>Medontam,</span> 
     </span>
    </p>

    <p class='ocr_par' dir='ltr' id='par_1_24' title="bbox 558 2020 1822 2080">
     <span class='ocr_line' id='line_1_26' title="bbox 558 2020 1822 2080; baseline -0.006 -15"><span class='ocrx_word' id='word_1_176' title='bbox 558 2046 575 2065; x_wconf 87' lang='lat'>»</span> <span class='ocrx_word' id='word_1_177' title='bbox 604 2027 658 2066; x_wconf 86' lang='lat' dir='ltr'>Et</span> <span class='ocrx_word' id='word_1_178' title='bbox 692 2026 843 2080; x_wconf 88' lang='lat' dir='ltr'>reliqui</span> <span class='ocrx_word' id='word_1_179' title='bbox 879 2037 1069 2079; x_wconf 84' lang='lat' dir='ltr'>proceres</span> <span class='ocrx_word' id='word_1_180' title='bbox 1103 2022 1292 2061; x_wconf 86' lang='lat' dir='ltr'>habeant</span> <span class='ocrx_word' id='word_1_181' title='bbox 1326 2021 1441 2074; x_wconf 88' lang='lat' dir='ltr'>quod</span> <span class='ocrx_word' id='word_1_182' title='bbox 1478 2020 1658 2074; x_wconf 89' lang='lat' dir='ltr'>quilibet</span> <span class='ocrx_word' id='word_1_183' title='bbox 1688 2024 1822 2074; x_wconf 89' lang='lat' dir='ltr'>optat.</span> 
     </span>
    </p>

    <p class='ocr_par' dir='ltr' id='par_1_25' title="bbox 557 2084 1781 2132">
     <span class='ocr_line' id='line_1_27' title="bbox 557 2084 1781 2132; baseline -0.007 0"><span class='ocrx_word' id='word_1_184' title='bbox 557 2110 575 2131; x_wconf 91' lang='lat'>»</span> <span class='ocrx_word' id='word_1_185' title='bbox 606 2092 734 2132; x_wconf 82' lang='lat' dir='ltr'>Nemo</span> <span class='ocrx_word' id='word_1_186' title='bbox 769 2105 818 2130; x_wconf 79' lang='lat' dir='ltr'>ex</span> <span class='ocrx_word' id='word_1_187' title='bbox 853 2090 933 2129; x_wconf 92' lang='lat' dir='ltr'>hoc</span> <span class='ocrx_word' id='word_1_188' title='bbox 969 2101 1144 2128; x_wconf 89' lang='lat' dir='ltr'>numero</span> <span class='ocrx_word' id='word_1_189' title='bbox 1181 2087 1260 2126; x_wconf 89' lang='lat' dir='ltr'>nisi</span> <span class='ocrx_word' id='word_1_190' title='bbox 1295 2100 1381 2125; x_wconf 90' lang='lat' dir='ltr'>non</span> <span class='ocrx_word' id='word_1_191' title='bbox 1416 2085 1595 2124; x_wconf 85' lang='lat' dir='ltr'>donatus</span> <span class='ocrx_word' id='word_1_192' title='bbox 1632 2084 1781 2124; x_wconf 83' lang='lat' dir='ltr'>abibit.</span> 
     </span>
    </p>

    <p class='ocr_par' dir='ltr' id='par_1_26' title="bbox 558 2151 1759 2204">
     <span class='ocr_line' id='line_1_28' title="bbox 558 2151 1759 2204; baseline -0.005 -9"><span class='ocrx_word' id='word_1_193' title='bbox 558 2176 575 2195; x_wconf 93' lang='lat'>»</span> <span class='ocrx_word' id='word_1_194' title='bbox 609 2157 663 2196; x_wconf 91' lang='lat' dir='ltr'>At</span> <span class='ocrx_word' id='word_1_195' title='bbox 696 2157 895 2204; x_wconf 76' lang='lat' dir='ltr'>Senones,</span> <span class='ocrx_word' id='word_1_196' title='bbox 935 2161 976 2194; x_wconf 92' lang='lat' dir='ltr'>et</span> <span class='ocrx_word' id='word_1_197' title='bbox 1005 2160 1118 2193; x_wconf 86' lang='lat' dir='ltr'>terra</span> <span class='ocrx_word' id='word_1_198' title='bbox 1151 2151 1266 2192; x_wconf 85' lang='lat' dir='ltr'>ferax</span> <span class='ocrx_word' id='word_1_199' title='bbox 1303 2166 1328 2192; x_wconf 91' lang='lat' dir='ltr'>a</span> <span class='ocrx_word' id='word_1_200' title='bbox 1361 2151 1536 2191; x_wconf 90' lang='lat' dir='ltr'>flumine</span> <span class='ocrx_word' id='word_1_201' title='bbox 1571 2151 1759 2190; x_wconf 86' lang='lat' dir='ltr'>Ytumna</span> 
     </span>
    </p>

    <p class='ocr_par' dir='ltr' id='par_1_27' title="bbox 559 2215 1792 2277">
     <span class='ocr_line' id='line_1_29' title="bbox 559 2215 1792 2277; baseline -0.006 -15"><span class='ocrx_word' id='word_1_202' title='bbox 559 2242 575 2262; x_wconf 70' lang='grc' dir='ltr'>ι)</span> <span class='ocrx_word' id='word_1_203' title='bbox 607 2223 747 2277; x_wconf 86' lang='lat' dir='ltr'>Usque</span> <span class='ocrx_word' id='word_1_204' title='bbox 780 2223 918 2262; x_wconf 87' lang='lat' dir='ltr'>locum</span> <span class='ocrx_word' id='word_1_205' title='bbox 953 2234 1036 2274; x_wconf 90' lang='lat' dir='ltr'>quo</span> <span class='ocrx_word' id='word_1_206' title='bbox 1067 2218 1277 2273; x_wconf 90' lang='lat' dir='ltr'>Sequanio</span> <span class='ocrx_word' id='word_1_207' title='bbox 1315 2217 1436 2271; x_wconf 87' lang='lat' dir='ltr'>Lupa</span> <span class='ocrx_word' id='word_1_208' title='bbox 1470 2215 1644 2256; x_wconf 88' lang='lat' dir='ltr'>confluit</span> <span class='ocrx_word' id='word_1_209' title='bbox 1679 2215 1792 2254; x_wconf 87' lang='lat' dir='ltr'>amni</span> 
     </span>
    </p>

    <p class='ocr_par' dir='ltr' id='par_1_28' title="bbox 444 2280 1728 2396">
     <span class='ocr_line' id='line_1_30' title="bbox 559 2280 1728 2342; baseline -0.005 -16"><span class='ocrx_word' id='word_1_210' title='bbox 559 2308 576 2326; x_wconf 82' lang='lat'>»</span> <span class='ocrx_word' id='word_1_211' title='bbox 607 2289 660 2328; x_wconf 84' lang='lat' dir='ltr'>Et</span> <span class='ocrx_word' id='word_1_212' title='bbox 695 2302 790 2342; x_wconf 79' lang='lat' dir='ltr'>quae</span> <span class='ocrx_word' id='word_1_213' title='bbox 825 2287 1030 2326; x_wconf 87' lang='lat' dir='ltr'>Moretum</span> <span class='ocrx_word' id='word_1_214' title='bbox 1067 2284 1335 2338; x_wconf 85' lang='lat' dir='ltr'>Montemque</span> <span class='ocrx_word' id='word_1_215' title='bbox 1370 2282 1591 2339; x_wconf 85' lang='lat' dir='ltr'>interjacet</span> <span class='ocrx_word' id='word_1_216' title='bbox 1626 2280 1728 2334; x_wconf 81' lang='lat' dir='ltr'>Argi</span> 
     </span>
     <span class='ocr_line' id='line_1_31' title="bbox 444 2348 1616 2396; baseline -0.007 -2"><span class='ocrx_word' id='word_1_217' title='bbox 444 2356 527 2395; x_wconf 73' lang='lat'>320</span> <span class='ocrx_word' id='word_1_218' title='bbox 560 2371 576 2390; x_wconf 88' lang='lat'>»</span> <span class='ocrx_word' id='word_1_219' title='bbox 607 2353 780 2392; x_wconf 81' lang='lat' dir='ltr'>Haelveo</span> <span class='ocrx_word' id='word_1_220' title='bbox 813 2351 964 2393; x_wconf 82' lang='lat' dir='ltr'>Comiti</span> <span class='ocrx_word' id='word_1_221' title='bbox 999 2351 1093 2391; x_wconf 75' lang='lat' dir='ltr'>volo</span> <span class='ocrx_word' id='word_1_222' title='bbox 1128 2349 1364 2389; x_wconf 87' lang='lat' dir='ltr'>dimittatur</span> <span class='ocrx_word' id='word_1_223' title='bbox 1398 2348 1616 2396; x_wconf 86' lang='lat' dir='ltr'>habenda,</span> 
     </span>
    </p>

    <p class='ocr_par' dir='ltr' id='par_1_29' title="bbox 560 2412 1735 2472">
     <span class='ocr_line' id='line_1_32' title="bbox 560 2412 1735 2472; baseline -0.003 -17"><span class='ocrx_word' id='word_1_224' title='bbox 560 2436 575 2455; x_wconf 84' lang='lat'>»</span> <span class='ocrx_word' id='word_1_225' title='bbox 607 2418 741 2468; x_wconf 85' lang='lat' dir='ltr'>Quam</span> <span class='ocrx_word' id='word_1_226' title='bbox 770 2416 1060 2471; x_wconf 86' lang='lat' dir='ltr'>praeconcessit</span> <span class='ocrx_word' id='word_1_227' title='bbox 1088 2415 1179 2472; x_wconf 86' lang='lat' dir='ltr'>jam</span> <span class='ocrx_word' id='word_1_228' title='bbox 1218 2420 1356 2455; x_wconf 87' lang='lat' dir='ltr'>noster</span> <span class='ocrx_word' id='word_1_229' title='bbox 1391 2414 1623 2453; x_wconf 89' lang='lat' dir='ltr'>avunculus</span> <span class='ocrx_word' id='word_1_230' title='bbox 1658 2412 1735 2451; x_wconf 88' lang='lat' dir='ltr'>illi.</span> 
     </span>
    </p>

    <p class='ocr_par' dir='ltr' id='par_1_30' title="bbox 618 2477 1993 2532">
     <span class='ocr_line' id='line_1_33' title="bbox 618 2477 1993 2532; baseline -0.004 -13"><span class='ocrx_word' id='word_1_231' title='bbox 618 2499 634 2519; x_wconf 89' lang='lat'>»</span> <span class='ocrx_word' id='word_1_232' title='bbox 665 2480 832 2521; x_wconf 88' lang='lat' dir='ltr'>Clerum</span> <span class='ocrx_word' id='word_1_233' title='bbox 860 2486 999 2520; x_wconf 85' lang='lat' dir='ltr'>autem</span> <span class='ocrx_word' id='word_1_234' title='bbox 1034 2485 1076 2519; x_wconf 85' lang='lat' dir='ltr'>et</span> <span class='ocrx_word' id='word_1_235' title='bbox 1112 2479 1336 2519; x_wconf 84' lang='lat' dir='ltr'>monachos</span> <span class='ocrx_word' id='word_1_236' title='bbox 1369 2493 1471 2532; x_wconf 92' lang='lat' dir='ltr'>quos</span> <span class='ocrx_word' id='word_1_237' title='bbox 1509 2479 1568 2518; x_wconf 87' lang='lat' dir='ltr'>sic</span> <span class='ocrx_word' id='word_1_238' title='bbox 1604 2477 1759 2517; x_wconf 80' lang='lat' dir='ltr'>exaltat</span> <span class='ocrx_word' id='word_1_239' title='bbox 1797 2480 1993 2528; x_wconf 86' lang='lat' dir='ltr'>amatque</span> 
     </span>
    </p>
   </div>
  </div>
 </body>
</html>
