<?xml version="1.0" encoding="UTF-8"?>
<!DOCTYPE html PUBLIC "-//W3C//DTD XHTML 1.0 Transitional//EN"
    "http://www.w3.org/TR/xhtml1/DTD/xhtml1-transitional.dtd">
<html xmlns="http://www.w3.org/1999/xhtml" xml:lang="en" lang="en">
 <head>
  <title>
</title>
<meta http-equiv="Content-Type" content="text/html;charset=utf-8" />
  <meta name='ocr-system' content='tesseract 3.04.00' />
  <meta name='ocr-capabilities' content='ocr_page ocr_carea ocr_par ocr_line ocrx_word'/>
</head>
<body>
  <div class='ocr_page' id='page_1' title='image "./philippidedeguil00guil_0177.png"; bbox 0 0 2395 3251; ppageno 0'>
   <div class='ocr_carea' id='block_1_1' title="bbox 1130 447 1193 479">
    <p class='ocr_par' dir='ltr' id='par_1_1' title="bbox 1130 447 1193 479">
     <span class='ocr_line' id='line_1_1' title="bbox 1130 447 1193 479; baseline 0 0"><span class='ocrx_word' id='word_1_1' title='bbox 1130 447 1193 479; x_wconf 83' lang='lat'>149</span> 
     </span>
    </p>
   </div>
   <div class='ocr_carea' id='block_1_2' title="bbox 295 523 2016 1437">
    <p class='ocr_par' dir='ltr' id='par_1_2' title="bbox 303 523 2016 844">
     <span class='ocr_line' id='line_1_2' title="bbox 305 523 2016 566; baseline -0.002 -10"><span class='ocrx_word' id='word_1_2' title='bbox 305 526 345 556; x_wconf 88' lang='lat' dir='ltr'>de</span> <span class='ocrx_word' id='word_1_3' title='bbox 371 525 525 566; x_wconf 80' lang='lat' dir='ltr'>Boulogne</span> <span class='ocrx_word' id='word_1_4' title='bbox 554 530 600 555; x_wconf 86' lang='lat' dir='ltr'>est</span> <span class='ocrx_word' id='word_1_5' title='bbox 626 535 669 555; x_wconf 88' lang='lat' dir='ltr'>un</span> <span class='ocrx_word' id='word_1_6' title='bbox 697 525 781 564; x_wconf 86' lang='lat' dir='ltr'>objet</span> <span class='ocrx_word' id='word_1_7' title='bbox 805 525 844 554; x_wconf 88' lang='lat' dir='ltr'>dc</span> <span class='ocrx_word' id='word_1_8' title='bbox 869 524 1048 554; x_wconf 80' lang='lat' dir='ltr'>discussion.</span> <span class='ocrx_word' id='word_1_9' title='bbox 1076 524 1204 564; x_wconf 78' lang='lat' dir='ltr'>Rigord,</span> <span class='ocrx_word' id='word_1_10' title='bbox 1231 523 1369 562; x_wconf 83' lang='lat' dir='ltr'>chapitre</span> <span class='ocrx_word' id='word_1_11' title='bbox 1395 532 1493 552; x_wconf 83' lang='lat' dir='ltr'>ccxxiv</span> <span class='ocrx_word' id='word_1_12' title='bbox 1502 545 1512 561; x_wconf 87' lang='lat'>‚</span> <span class='ocrx_word' id='word_1_13' title='bbox 1536 527 1697 562; x_wconf 78' lang='lat' dir='ltr'>rapporte:</span> <span class='ocrx_word' id='word_1_14' title='bbox 1732 534 1745 549; x_wconf 72' lang='grc' dir='ltr'>«ι</span> <span class='ocrx_word' id='word_1_15' title='bbox 1760 523 1822 552; x_wconf 82' lang='lat' dir='ltr'>Rex</span> <span class='ocrx_word' id='word_1_16' title='bbox 1847 523 1924 552; x_wconf 86' lang='lat' dir='ltr'>inito</span> <span class='ocrx_word' id='word_1_17' title='bbox 1945 532 2016 553; x_wconf 87' lang='lat' dir='ltr'>cum</span> 
     </span>
     <span class='ocr_line' id='line_1_3' title="bbox 305 572 2014 612; baseline -0.002 -8"><span class='ocrx_word' id='word_1_18' title='bbox 305 587 319 601; x_wconf 74' lang='grc' dir='ltr'>ι»</span> <span class='ocrx_word' id='word_1_19' title='bbox 339 583 434 604; x_wconf 85' lang='lat' dir='ltr'>uxore</span> <span class='ocrx_word' id='word_1_20' title='bbox 469 574 616 603; x_wconf 83' lang='lat' dir='ltr'>Ferrandi</span> <span class='ocrx_word' id='word_1_21' title='bbox 646 577 676 602; x_wconf 89' lang='lat' dir='ltr'>et</span> <span class='ocrx_word' id='word_1_22' title='bbox 705 573 937 602; x_wconf 81' lang='lat' dir='ltr'>Flandrensibus</span> <span class='ocrx_word' id='word_1_23' title='bbox 970 572 1123 612; x_wconf 83' lang='lat' dir='ltr'>colloquio</span> <span class='ocrx_word' id='word_1_24' title='bbox 1157 582 1206 601; x_wconf 69' lang='lat' dir='ltr'>xm</span> <span class='ocrx_word' id='word_1_25' title='bbox 1234 572 1297 601; x_wconf 80' lang='lat' dir='ltr'>kal.</span> <span class='ocrx_word' id='word_1_26' title='bbox 1335 572 1480 601; x_wconf 84' lang='lat' dir='ltr'>Novemb.</span> <span class='ocrx_word' id='word_1_27' title='bbox 1516 576 1623 601; x_wconf 81' lang='lat' dir='ltr'>contra</span> <span class='ocrx_word' id='word_1_28' title='bbox 1653 581 1737 610; x_wconf 84' lang='lat' dir='ltr'>spem</span> <span class='ocrx_word' id='word_1_29' title='bbox 1767 576 1798 600; x_wconf 87' lang='lat' dir='ltr'>et</span> <span class='ocrx_word' id='word_1_30' title='bbox 1828 572 2014 601; x_wconf 84' lang='lat' dir='ltr'>voluntatem</span> 
     </span>
     <span class='ocr_line' id='line_1_4' title="bbox 305 620 2015 652; baseline 0.001 -3"><span class='ocrx_word' id='word_1_31' title='bbox 305 635 320 649; x_wconf 72' lang='lat'>2»</span> <span class='ocrx_word' id='word_1_32' title='bbox 339 622 405 652; x_wconf 74' lang='lat' dir='ltr'>sere</span> <span class='ocrx_word' id='word_1_33' title='bbox 434 623 570 652; x_wconf 88' lang='lat' dir='ltr'>omnium</span> <span class='ocrx_word' id='word_1_34' title='bbox 600 622 639 651; x_wconf 90' lang='lat' dir='ltr'>de</span> <span class='ocrx_word' id='word_1_35' title='bbox 667 626 811 651; x_wconf 80' lang='lat' dir='ltr'>consueta</span> <span class='ocrx_word' id='word_1_36' title='bbox 839 620 1060 650; x_wconf 89' lang='lat' dir='ltr'>consuetudine</span> <span class='ocrx_word' id='word_1_37' title='bbox 1092 630 1148 649; x_wconf 92' lang='lat' dir='ltr'>suo</span> <span class='ocrx_word' id='word_1_38' title='bbox 1177 621 1327 650; x_wconf 84' lang='lat' dir='ltr'>concessit</span> <span class='ocrx_word' id='word_1_39' title='bbox 1359 625 1393 649; x_wconf 85' lang='lat' dir='ltr'>ut</span> <span class='ocrx_word' id='word_1_40' title='bbox 1427 620 1590 650; x_wconf 83' lang='lat' dir='ltr'>Godefrido</span> <span class='ocrx_word' id='word_1_41' title='bbox 1620 620 1682 649; x_wconf 86' lang='lat' dir='ltr'>filio</span> <span class='ocrx_word' id='word_1_42' title='bbox 1718 620 1805 649; x_wconf 87' lang='lat' dir='ltr'>ducis</span> <span class='ocrx_word' id='word_1_43' title='bbox 1843 621 2015 650; x_wconf 82' lang='lat' dir='ltr'>Brabantiae</span> 
     </span>
     <span class='ocr_line' id='line_1_5' title="bbox 303 668 2013 711; baseline -0.001 -11"><span class='ocrx_word' id='word_1_44' title='bbox 303 683 317 697; x_wconf 79' lang='lat' dir='ltr'>n</span> <span class='ocrx_word' id='word_1_45' title='bbox 338 671 544 711; x_wconf 87' lang='lat' dir='ltr'>quinquenni,</span> <span class='ocrx_word' id='word_1_46' title='bbox 579 670 611 699; x_wconf 92' lang='lat' dir='ltr'>in</span> <span class='ocrx_word' id='word_1_47' title='bbox 636 670 774 700; x_wconf 90' lang='lat' dir='ltr'>obsidem</span> <span class='ocrx_word' id='word_1_48' title='bbox 800 669 857 698; x_wconf 95' lang='lat' dir='ltr'>sibi</span> <span class='ocrx_word' id='word_1_49' title='bbox 885 669 973 704; x_wconf 81' lang='lat' dir='ltr'>dato,</span> <span class='ocrx_word' id='word_1_50' title='bbox 1003 672 1034 696; x_wconf 89' lang='lat' dir='ltr'>et</span> <span class='ocrx_word' id='word_1_51' title='bbox 1061 669 1202 698; x_wconf 88' lang='lat' dir='ltr'>omnibus</span> <span class='ocrx_word' id='word_1_52' title='bbox 1225 669 1446 699; x_wconf 81' lang='lat' dir='ltr'>munitionibus</span> <span class='ocrx_word' id='word_1_53' title='bbox 1470 668 1620 698; x_wconf 78' lang='lat' dir='ltr'>Flundriae</span> <span class='ocrx_word' id='word_1_54' title='bbox 1648 673 1678 698; x_wconf 89' lang='lat' dir='ltr'>et</span> <span class='ocrx_word' id='word_1_55' title='bbox 1704 669 1860 699; x_wconf 81' lang='lat' dir='ltr'>Henoldioe</span> <span class='ocrx_word' id='word_1_56' title='bbox 1890 679 2013 699; x_wconf 85' lang='lat' dir='ltr'>eorum-</span> 
     </span>
     <span class='ocr_line' id='line_1_6' title="bbox 303 716 2015 757; baseline 0.001 -12"><span class='ocrx_word' id='word_1_57' title='bbox 303 731 316 745; x_wconf 74' lang='grc' dir='ltr'>ιι</span> <span class='ocrx_word' id='word_1_58' title='bbox 337 719 408 748; x_wconf 88' lang='lat' dir='ltr'>dem</span> <span class='ocrx_word' id='word_1_59' title='bbox 438 718 607 757; x_wconf 81' lang='lat' dir='ltr'>sumptibus</span> <span class='ocrx_word' id='word_1_60' title='bbox 636 718 761 747; x_wconf 90' lang='lat' dir='ltr'>omnino</span> <span class='ocrx_word' id='word_1_61' title='bbox 794 716 973 751; x_wconf 83' lang='lat' dir='ltr'>destructis,</span> <span class='ocrx_word' id='word_1_62' title='bbox 1005 720 1066 744; x_wconf 84' lang='lat' dir='ltr'>tam</span> <span class='ocrx_word' id='word_1_63' title='bbox 1102 716 1201 755; x_wconf 85' lang='lat' dir='ltr'>ipsum</span> <span class='ocrx_word' id='word_1_64' title='bbox 1233 718 1420 747; x_wconf 76' lang='lat' dir='ltr'>Pei-randum</span> <span class='ocrx_word' id='word_1_65' title='bbox 1459 727 1551 756; x_wconf 81' lang='lat' dir='ltr'>quam</span> <span class='ocrx_word' id='word_1_66' title='bbox 1582 718 1657 746; x_wconf 83' lang='lat' dir='ltr'>alios</span> <span class='ocrx_word' id='word_1_67' title='bbox 1692 727 1851 755; x_wconf 84' lang='lat' dir='ltr'>proceres,</span> <span class='ocrx_word' id='word_1_68' title='bbox 1895 717 2015 746; x_wconf 83' lang='lat' dir='ltr'>reddita</span> 
     </span>
     <span class='ocr_line' id='line_1_7' title="bbox 303 764 2015 806; baseline -0.001 -10"><span class='ocrx_word' id='word_1_69' title='bbox 303 779 316 793; x_wconf 77' lang='lat' dir='ltr'>n</span> <span class='ocrx_word' id='word_1_70' title='bbox 337 777 393 806; x_wconf 90' lang='lat' dir='ltr'>pro</span> <span class='ocrx_word' id='word_1_71' title='bbox 423 776 610 806; x_wconf 81' lang='lat' dir='ltr'>unoquoque</span> <span class='ocrx_word' id='word_1_72' title='bbox 639 766 774 806; x_wconf 78' lang='lat' dir='ltr'>legitima</span> <span class='ocrx_word' id='word_1_73' title='bbox 801 764 1027 804; x_wconf 80' lang='lat' dir='ltr'>redemptione,</span> <span class='ocrx_word' id='word_1_74' title='bbox 1061 768 1145 794; x_wconf 82' lang='lat' dir='ltr'>tanto</span> <span class='ocrx_word' id='word_1_75' title='bbox 1175 766 1288 795; x_wconf 82' lang='lat' dir='ltr'>delicto</span> <span class='ocrx_word' id='word_1_76' title='bbox 1317 766 1421 795; x_wconf 87' lang='lat' dir='ltr'>debita</span> <span class='ocrx_word' id='word_1_77' title='bbox 1450 765 1489 794; x_wconf 83' lang='lat' dir='ltr'>ad</span> <span class='ocrx_word' id='word_1_78' title='bbox 1517 765 1642 804; x_wconf 76' lang='lat' dir='ltr'>propria</span> <span class='ocrx_word' id='word_1_79' title='bbox 1670 765 1858 802; x_wconf 83' lang='lat' dir='ltr'>remitteret,</span> <span class='ocrx_word' id='word_1_80' title='bbox 1891 774 2015 794; x_wconf 83' lang='lat' dir='ltr'>carcere</span> 
     </span>
     <span class='ocr_line' id='line_1_8' title="bbox 303 815 522 844; baseline 0.005 -1"><span class='ocrx_word' id='word_1_81' title='bbox 303 827 316 841; x_wconf 68' lang='lat' dir='ltr'>&gt;r</span> <span class='ocrx_word' id='word_1_82' title='bbox 336 815 492 844; x_wconf 77' lang='lat' dir='ltr'>liberatos.</span> <span class='ocrx_word' id='word_1_83' title='bbox 510 827 522 841; x_wconf 68' lang='grc' dir='ltr'>ιι</span> 
     </span>
    </p>

    <p class='ocr_par' dir='ltr' id='par_1_3' title="bbox 302 860 2012 999">
     <span class='ocr_line' id='line_1_9' title="bbox 343 860 2010 902; baseline -0.002 -10"><span class='ocrx_word' id='word_1_84' title='bbox 343 865 465 893; x_wconf 85' lang='lat' dir='ltr'><strong>Comme</strong></span> <span class='ocrx_word' id='word_1_85' title='bbox 497 863 572 892; x_wconf 84' lang='lat' dir='ltr'>dans</span> <span class='ocrx_word' id='word_1_86' title='bbox 599 873 634 892; x_wconf 91' lang='lat' dir='ltr'>ce</span> <span class='ocrx_word' id='word_1_87' title='bbox 664 873 808 902; x_wconf 78' lang='lat' dir='ltr'>passage,</span> <span class='ocrx_word' id='word_1_88' title='bbox 839 863 861 891; x_wconf 93' lang='lat' dir='ltr'>il</span> <span class='ocrx_word' id='word_1_89' title='bbox 889 872 928 891; x_wconf 90' lang='lat' dir='ltr'>ne</span> <span class='ocrx_word' id='word_1_90' title='bbox 958 872 1081 891; x_wconf 87' lang='lat' dir='ltr'>nomme</span> <span class='ocrx_word' id='word_1_91' title='bbox 1109 873 1162 902; x_wconf 86' lang='lat' dir='ltr'>pas</span> <span class='ocrx_word' id='word_1_92' title='bbox 1195 862 1423 902; x_wconf 83' lang='lat' dir='ltr'>expresse&#39;ment</span> <span class='ocrx_word' id='word_1_93' title='bbox 1449 860 1614 900; x_wconf 77' lang='lat' dir='ltr'>Reginald,</span> <span class='ocrx_word' id='word_1_94' title='bbox 1645 864 1744 890; x_wconf 87' lang='lat' dir='ltr'>comte</span> <span class='ocrx_word' id='word_1_95' title='bbox 1771 860 1809 889; x_wconf 88' lang='lat' dir='ltr'>de</span> <span class='ocrx_word' id='word_1_96' title='bbox 1838 860 2010 899; x_wconf 80' lang='lat' dir='ltr'>Boulogne,</span> 
     </span>
     <span class='ocr_line' id='line_1_10' title="bbox 302 909 2012 952; baseline -0.002 -11"><span class='ocrx_word' id='word_1_97' title='bbox 302 912 456 952; x_wconf 82' lang='lat' dir='ltr'>quoiqu&#39;il</span> <span class='ocrx_word' id='word_1_98' title='bbox 486 912 533 941; x_wconf 85' lang='lat' dir='ltr'>fut</span> <span class='ocrx_word' id='word_1_99' title='bbox 571 922 614 941; x_wconf 91' lang='lat' dir='ltr'>un</span> <span class='ocrx_word' id='word_1_100' title='bbox 641 911 695 941; x_wconf 86' lang='lat' dir='ltr'>des</span> <span class='ocrx_word' id='word_1_101' title='bbox 730 912 910 951; x_wconf 82' lang='lat' dir='ltr'>principaux</span> <span class='ocrx_word' id='word_1_102' title='bbox 946 917 1066 941; x_wconf 78' lang='lat' dir='ltr'>acteurs</span> <span class='ocrx_word' id='word_1_103' title='bbox 1092 912 1167 941; x_wconf 82' lang='lat' dir='ltr'>dans</span> <span class='ocrx_word' id='word_1_104' title='bbox 1200 917 1283 941; x_wconf 84' lang='lat' dir='ltr'>toute</span> <span class='ocrx_word' id='word_1_105' title='bbox 1312 917 1393 941; x_wconf 87' lang='lat' dir='ltr'>cette</span> <span class='ocrx_word' id='word_1_106' title='bbox 1426 911 1551 946; x_wconf 80' lang='lat' dir='ltr'>affaire,</span> <span class='ocrx_word' id='word_1_107' title='bbox 1579 909 1692 949; x_wconf 78' lang='lat' dir='ltr'>Rigord</span> <span class='ocrx_word' id='word_1_108' title='bbox 1717 909 1816 948; x_wconf 83' lang='lat' dir='ltr'>parait</span> <span class='ocrx_word' id='word_1_109' title='bbox 1842 919 1881 938; x_wconf 91' lang='lat' dir='ltr'>ne</span> <span class='ocrx_word' id='word_1_110' title='bbox 1909 909 2012 948; x_wconf 86' lang='lat' dir='ltr'>parler</span> 
     </span>
     <span class='ocr_line' id='line_1_11' title="bbox 302 956 2012 999; baseline -0.002 -10"><span class='ocrx_word' id='word_1_111' title='bbox 302 970 362 999; x_wconf 89' lang='lat' dir='ltr'>que</span> <span class='ocrx_word' id='word_1_112' title='bbox 384 960 438 989; x_wconf 88' lang='lat' dir='ltr'>des</span> <span class='ocrx_word' id='word_1_113' title='bbox 465 965 567 990; x_wconf 80' lang='lat' dir='ltr'>autres</span> <span class='ocrx_word' id='word_1_114' title='bbox 593 960 773 989; x_wconf 78' lang='lat' dir='ltr'>seulement.</span> <span class='ocrx_word' id='word_1_115' title='bbox 798 959 933 988; x_wconf 83' lang='lat' dir='ltr'>D&#39;autres</span> <span class='ocrx_word' id='word_1_116' title='bbox 960 964 1082 989; x_wconf 81' lang='lat' dir='ltr'>auteurs</span> <span class='ocrx_word' id='word_1_117' title='bbox 1105 964 1283 999; x_wconf 78' lang='lat' dir='ltr'>rapportent</span> <span class='ocrx_word' id='word_1_118' title='bbox 1306 960 1379 999; x_wconf 89' lang='lat' dir='ltr'>qu’il</span> <span class='ocrx_word' id='word_1_119' title='bbox 1400 960 1545 988; x_wconf 76' lang='lat' dir='ltr'>demeum</span> <span class='ocrx_word' id='word_1_120' title='bbox 1562 968 1600 986; x_wconf 83' lang='lat' dir='ltr'>en</span> <span class='ocrx_word' id='word_1_121' title='bbox 1615 957 1718 996; x_wconf 84' lang='lat' dir='ltr'>prison</span> <span class='ocrx_word' id='word_1_122' title='bbox 1730 956 1851 996; x_wconf 58' lang='lat' dir='ltr'>jusqu’n</span> <span class='ocrx_word' id='word_1_123' title='bbox 1866 966 1899 986; x_wconf 82' lang='lat' dir='ltr'>sa</span> <span class='ocrx_word' id='word_1_124' title='bbox 1919 961 2012 986; x_wconf 86' lang='lat' dir='ltr'>mort.</span> 
     </span>
    </p>

    <p class='ocr_par' dir='ltr' id='par_1_4' title="bbox 298 1006 2014 1290">
     <span class='ocr_line' id='line_1_12' title="bbox 342 1006 2014 1048; baseline -0.002 -10"><span class='ocrx_word' id='word_1_125' title='bbox 342 1009 482 1038; x_wconf 82' lang='lat' dir='ltr'>L’auteur</span> <span class='ocrx_word' id='word_1_126' title='bbox 502 1009 653 1038; x_wconf 85' lang='lat' dir='ltr'>incertain</span> <span class='ocrx_word' id='word_1_127' title='bbox 674 1009 764 1037; x_wconf 83' lang='lat' dir='ltr'>d‘une</span> <span class='ocrx_word' id='word_1_128' title='bbox 787 1008 957 1048; x_wconf 87' lang='lat' dir='ltr'>chronique</span> <span class='ocrx_word' id='word_1_129' title='bbox 981 1008 1019 1037; x_wconf 90' lang='lat' dir='ltr'>de</span> <span class='ocrx_word' id='word_1_130' title='bbox 1042 1010 1246 1046; x_wconf 82' lang='lat' dir='ltr'>Normandie,</span> <span class='ocrx_word' id='word_1_131' title='bbox 1270 1014 1395 1039; x_wconf 82' lang='lat' dir='ltr'>raconte</span> <span class='ocrx_word' id='word_1_132' title='bbox 1420 1009 1437 1038; x_wconf 64' lang='grc' dir='ltr'>ὁ</span> <span class='ocrx_word' id='word_1_133' title='bbox 1460 1008 1577 1038; x_wconf 81' lang='lat' dir='ltr'>l’anne&#39;e</span> <span class='ocrx_word' id='word_1_134' title='bbox 1609 1007 1702 1037; x_wconf 64' lang='lat'>1209:</span> <span class='ocrx_word' id='word_1_135' title='bbox 1736 1019 1749 1032; x_wconf 75' lang='lat' dir='ltr'>u</span> <span class='ocrx_word' id='word_1_136' title='bbox 1764 1006 1878 1035; x_wconf 86' lang='lat' dir='ltr'>Bellum</span> <span class='ocrx_word' id='word_1_137' title='bbox 1895 1009 2014 1044; x_wconf 84' lang='lat' dir='ltr'>gestum</span> 
     </span>
     <span class='ocr_line' id='line_1_13' title="bbox 301 1054 2012 1097; baseline -0.001 -11"><span class='ocrx_word' id='word_1_138' title='bbox 301 1070 313 1083; x_wconf 75' lang='grc' dir='ltr'>ι»</span> <span class='ocrx_word' id='word_1_139' title='bbox 331 1062 376 1087; x_wconf 88' lang='lat' dir='ltr'>est</span> <span class='ocrx_word' id='word_1_140' title='bbox 396 1058 477 1097; x_wconf 84' lang='lat' dir='ltr'>apud</span> <span class='ocrx_word' id='word_1_141' title='bbox 492 1058 657 1096; x_wconf 79' lang='lat' dir='ltr'>Bouvinas3</span> <span class='ocrx_word' id='word_1_142' title='bbox 673 1059 753 1097; x_wconf 80' lang='lat' dir='ltr'>capti</span> <span class='ocrx_word' id='word_1_143' title='bbox 771 1062 841 1087; x_wconf 87' lang='lat' dir='ltr'>sunt</span> <span class='ocrx_word' id='word_1_144' title='bbox 852 1059 978 1087; x_wconf 85' lang='lat' dir='ltr'>comites</span> <span class='ocrx_word' id='word_1_145' title='bbox 994 1062 1085 1097; x_wconf 85' lang='lat' dir='ltr'>atque</span> <span class='ocrx_word' id='word_1_146' title='bbox 1100 1068 1207 1087; x_wconf 87' lang='lat' dir='ltr'>eorum</span> <span class='ocrx_word' id='word_1_147' title='bbox 1231 1059 1380 1087; x_wconf 78' lang='lat' dir='ltr'>exercitus</span> <span class='ocrx_word' id='word_1_148' title='bbox 1402 1059 1499 1087; x_wconf 87' lang='lat' dir='ltr'>victus</span> <span class='ocrx_word' id='word_1_149' title='bbox 1524 1067 1542 1086; x_wconf 79' lang='lat' dir='ltr'>a</span> <span class='ocrx_word' id='word_1_150' title='bbox 1568 1066 1640 1095; x_wconf 83' lang='lat' dir='ltr'>rege</span> <span class='ocrx_word' id='word_1_151' title='bbox 1654 1057 1840 1084; x_wconf 83' lang='lat' dir='ltr'>Francorum</span> <span class='ocrx_word' id='word_1_152' title='bbox 1860 1054 2012 1094; x_wconf 84' lang='lat' dir='ltr'>Philippo.</span> 
     </span>
     <span class='ocr_line' id='line_1_14' title="bbox 299 1099 2012 1146; baseline -0.001 -13"><span class='ocrx_word' id='word_1_153' title='bbox 299 1119 312 1132; x_wconf 78' lang='lat' dir='ltr'>n</span> <span class='ocrx_word' id='word_1_154' title='bbox 334 1107 397 1140; x_wconf 84' lang='lat' dir='ltr'>Quo</span> <span class='ocrx_word' id='word_1_155' title='bbox 426 1106 530 1135; x_wconf 83' lang='lat' dir='ltr'>audito</span> <span class='ocrx_word' id='word_1_156' title='bbox 553 1106 628 1135; x_wconf 91' lang='lat' dir='ltr'>Otho</span> <span class='ocrx_word' id='word_1_157' title='bbox 658 1107 824 1145; x_wconf 79' lang='lat' dir='ltr'>imperator</span> <span class='ocrx_word' id='word_1_158' title='bbox 853 1106 906 1145; x_wconf 89' lang='lat' dir='ltr'>qui</span> <span class='ocrx_word' id='word_1_159' title='bbox 934 1117 990 1145; x_wconf 83' lang='lat' dir='ltr'>pro</span> <span class='ocrx_word' id='word_1_160' title='bbox 1020 1116 1093 1145; x_wconf 77' lang='lat' dir='ltr'>rege</span> <span class='ocrx_word' id='word_1_161' title='bbox 1123 1107 1308 1146; x_wconf 82' lang='lat' dir='ltr'>Anglorum,</span> <span class='ocrx_word' id='word_1_162' title='bbox 1338 1108 1480 1136; x_wconf 83' lang='lat' dir='ltr'>veniebat</span> <span class='ocrx_word' id='word_1_163' title='bbox 1508 1107 1540 1135; x_wconf 91' lang='lat' dir='ltr'>in</span> <span class='ocrx_word' id='word_1_164' title='bbox 1571 1106 1723 1135; x_wconf 80' lang='lat' dir='ltr'>dictorum</span> <span class='ocrx_word' id='word_1_165' title='bbox 1755 1099 1900 1134; x_wconf 82' lang='lat' dir='ltr'>comitum</span> <span class='ocrx_word' id='word_1_166' title='bbox 1931 1103 2012 1133; x_wconf 83' lang='lat' dir='ltr'>auxi-</span> 
     </span>
     <span class='ocr_line' id='line_1_15' title="bbox 299 1151 2011 1194; baseline -0.002 -11"><span class='ocrx_word' id='word_1_167' title='bbox 299 1166 312 1180; x_wconf 76' lang='lat'>»</span> <span class='ocrx_word' id='word_1_168' title='bbox 334 1154 426 1189; x_wconf 77' lang='lat' dir='ltr'>lium,</span> <span class='ocrx_word' id='word_1_169' title='bbox 462 1155 502 1183; x_wconf 81' lang='lat' dir='ltr'>ad</span> <span class='ocrx_word' id='word_1_170' title='bbox 540 1159 641 1194; x_wconf 82' lang='lat' dir='ltr'>partes</span> <span class='ocrx_word' id='word_1_171' title='bbox 675 1165 743 1184; x_wconf 84' lang='lat' dir='ltr'>suas</span> <span class='ocrx_word' id='word_1_172' title='bbox 778 1156 957 1185; x_wconf 86' lang='lat' dir='ltr'>revertitur.</span> <span class='ocrx_word' id='word_1_173' title='bbox 1000 1156 1169 1185; x_wconf 72' lang='lat' dir='ltr'>Feri-andus</span> <span class='ocrx_word' id='word_1_174' title='bbox 1206 1165 1296 1191; x_wconf 76' lang='lat' dir='ltr'>vei-0,</span> <span class='ocrx_word' id='word_1_175' title='bbox 1337 1165 1438 1185; x_wconf 86' lang='lat' dir='ltr'>comes</span> <span class='ocrx_word' id='word_1_176' title='bbox 1468 1154 1675 1190; x_wconf 86' lang='lat' dir='ltr'>Flandrensis,</span> <span class='ocrx_word' id='word_1_177' title='bbox 1711 1153 1831 1182; x_wconf 85' lang='lat' dir='ltr'>Parisiis</span> <span class='ocrx_word' id='word_1_178' title='bbox 1864 1152 1897 1181; x_wconf 91' lang='lat' dir='ltr'>in</span> <span class='ocrx_word' id='word_1_179' title='bbox 1933 1151 2011 1180; x_wconf 84' lang='lat' dir='ltr'>turri</span> 
     </span>
     <span class='ocr_line' id='line_1_16' title="bbox 298 1201 2009 1242; baseline -0.002 -10"><span class='ocrx_word' id='word_1_180' title='bbox 298 1215 311 1228; x_wconf 69' lang='lat' dir='ltr'>n</span> <span class='ocrx_word' id='word_1_181' title='bbox 332 1213 401 1242; x_wconf 83' lang='lat' dir='ltr'>quae</span> <span class='ocrx_word' id='word_1_182' title='bbox 436 1207 562 1232; x_wconf 79' lang='lat' dir='ltr'>vocatur</span> <span class='ocrx_word' id='word_1_183' title='bbox 590 1204 628 1232; x_wconf 87' lang='lat' dir='ltr'>Le</span> <span class='ocrx_word' id='word_1_184' title='bbox 660 1204 783 1238; x_wconf 79' lang='lat' dir='ltr'>Louvre,</span> <span class='ocrx_word' id='word_1_185' title='bbox 824 1204 987 1233; x_wconf 68' lang='lat' dir='ltr'>Ruinaldus</span> <span class='ocrx_word' id='word_1_186' title='bbox 1017 1214 1118 1234; x_wconf 88' lang='lat' dir='ltr'>comes</span> <span class='ocrx_word' id='word_1_187' title='bbox 1154 1204 1288 1234; x_wconf 83' lang='lat' dir='ltr'>Bolonioe</span> <span class='ocrx_word' id='word_1_188' title='bbox 1316 1205 1349 1234; x_wconf 88' lang='lat' dir='ltr'>in</span> <span class='ocrx_word' id='word_1_189' title='bbox 1380 1205 1459 1233; x_wconf 88' lang='lat' dir='ltr'>turri</span> <span class='ocrx_word' id='word_1_190' title='bbox 1487 1204 1525 1233; x_wconf 90' lang='lat' dir='ltr'>de</span> <span class='ocrx_word' id='word_1_191' title='bbox 1561 1204 1658 1233; x_wconf 89' lang='lat' dir='ltr'>Gollet</span> <span class='ocrx_word' id='word_1_192' title='bbox 1683 1207 1833 1242; x_wconf 88' lang='lat' dir='ltr'>perpetuo</span> <span class='ocrx_word' id='word_1_193' title='bbox 1867 1201 2009 1230; x_wconf 82' lang='lat' dir='ltr'>incarce-</span> 
     </span>
     <span class='ocr_line' id='line_1_17' title="bbox 298 1251 975 1290; baseline -0.001 -10"><span class='ocrx_word' id='word_1_194' title='bbox 298 1263 311 1277; x_wconf 70' lang='lat' dir='ltr'>n</span> <span class='ocrx_word' id='word_1_195' title='bbox 332 1256 458 1287; x_wconf 80' lang='lat' dir='ltr'>rantur,</span> <span class='ocrx_word' id='word_1_196' title='bbox 489 1256 582 1290; x_wconf 80' lang='lat' dir='ltr'>atque</span> <span class='ocrx_word' id='word_1_197' title='bbox 611 1251 725 1280; x_wconf 83' lang='lat' dir='ltr'>ibidem</span> <span class='ocrx_word' id='word_1_198' title='bbox 758 1252 945 1281; x_wconf 85' lang='lat' dir='ltr'>moriuntur.</span> <span class='ocrx_word' id='word_1_199' title='bbox 962 1265 975 1279; x_wconf 69' lang='grc' dir='ltr'><em>η</em></span> 
     </span>
    </p>

    <p class='ocr_par' dir='ltr' id='par_1_5' title="bbox 295 1296 2008 1437">
     <span class='ocr_line' id='line_1_18' title="bbox 337 1296 2007 1340; baseline -0.003 -11"><span class='ocrx_word' id='word_1_200' title='bbox 337 1301 497 1330; x_wconf 85' lang='lat' dir='ltr'>L&#39;absence</span> <span class='ocrx_word' id='word_1_201' title='bbox 527 1300 654 1330; x_wconf 76' lang='lat' dir='ltr'>d&#39;Othon</span> <span class='ocrx_word' id='word_1_202' title='bbox 682 1301 725 1329; x_wconf 91' lang='lat' dir='ltr'>du</span> <span class='ocrx_word' id='word_1_203' title='bbox 755 1301 818 1330; x_wconf 88' lang='lat' dir='ltr'>lieu</span> <span class='ocrx_word' id='word_1_204' title='bbox 846 1301 884 1330; x_wconf 91' lang='lat' dir='ltr'>de</span> <span class='ocrx_word' id='word_1_205' title='bbox 913 1301 943 1330; x_wconf 83' lang='lat' dir='ltr'>la</span> <span class='ocrx_word' id='word_1_206' title='bbox 971 1301 1077 1337; x_wconf 74' lang='lat' dir='ltr'>scene,</span> <span class='ocrx_word' id='word_1_207' title='bbox 1108 1301 1193 1330; x_wconf 80' lang='lat' dir='ltr'>selon</span> <span class='ocrx_word' id='word_1_208' title='bbox 1221 1312 1256 1331; x_wconf 89' lang='lat' dir='ltr'>ce</span> <span class='ocrx_word' id='word_1_209' title='bbox 1282 1302 1507 1340; x_wconf 83' lang='lat' dir='ltr'>chroniqueur,</span> <span class='ocrx_word' id='word_1_210' title='bbox 1540 1305 1586 1329; x_wconf 86' lang='lat' dir='ltr'>est</span> <span class='ocrx_word' id='word_1_211' title='bbox 1619 1309 1680 1328; x_wconf 91' lang='lat' dir='ltr'>une</span> <span class='ocrx_word' id='word_1_212' title='bbox 1709 1307 1819 1327; x_wconf 84' lang='lat' dir='ltr'>erreur</span> <span class='ocrx_word' id='word_1_213' title='bbox 1849 1306 1963 1336; x_wconf 87' lang='lat' dir='ltr'>propre</span> <span class='ocrx_word' id='word_1_214' title='bbox 1989 1296 2007 1325; x_wconf 72' lang='lat' dir='ltr'>ii</span> 
     </span>
     <span class='ocr_line' id='line_1_19' title="bbox 296 1345 2007 1389; baseline -0.002 -11"><span class='ocrx_word' id='word_1_215' title='bbox 296 1358 373 1378; x_wconf 89' lang='lat' dir='ltr'>nous</span> <span class='ocrx_word' id='word_1_216' title='bbox 397 1350 529 1388; x_wconf 87' lang='lat' dir='ltr'>inspirer</span> <span class='ocrx_word' id='word_1_217' title='bbox 552 1349 591 1378; x_wconf 88' lang='lat' dir='ltr'>de</span> <span class='ocrx_word' id='word_1_218' title='bbox 616 1350 647 1378; x_wconf 84' lang='lat' dir='ltr'>la</span> <span class='ocrx_word' id='word_1_219' title='bbox 673 1349 810 1378; x_wconf 67' lang='lat' dir='ltr'>delfiance</span> <span class='ocrx_word' id='word_1_220' title='bbox 842 1359 895 1379; x_wconf 84' lang='lat' dir='ltr'>sur</span> <span class='ocrx_word' id='word_1_221' title='bbox 928 1360 963 1379; x_wconf 88' lang='lat' dir='ltr'>ce</span> <span class='ocrx_word' id='word_1_222' title='bbox 999 1360 1124 1389; x_wconf 77' lang='lat' dir='ltr'>passage</span> <span class='ocrx_word' id='word_1_223' title='bbox 1158 1355 1189 1379; x_wconf 85' lang='lat' dir='ltr'>et</span> <span class='ocrx_word' id='word_1_224' title='bbox 1217 1350 1246 1379; x_wconf 79' lang='lat' dir='ltr'>la</span> <span class='ocrx_word' id='word_1_225' title='bbox 1272 1351 1342 1379; x_wconf 78' lang='lat' dir='ltr'>date</span> <span class='ocrx_word' id='word_1_226' title='bbox 1377 1351 1451 1379; x_wconf 90' lang='lat' dir='ltr'>dont</span> <span class='ocrx_word' id='word_1_227' title='bbox 1480 1350 1502 1378; x_wconf 90' lang='lat' dir='ltr'>il</span> <span class='ocrx_word' id='word_1_228' title='bbox 1532 1354 1577 1378; x_wconf 86' lang='lat' dir='ltr'>est</span> <span class='ocrx_word' id='word_1_229' title='bbox 1604 1348 1659 1377; x_wconf 82' lang='lat' dir='ltr'>fait</span> <span class='ocrx_word' id='word_1_230' title='bbox 1686 1347 1835 1376; x_wconf 82' lang='lat' dir='ltr'>mention.</span> <span class='ocrx_word' id='word_1_231' title='bbox 1862 1347 1905 1374; x_wconf 91' lang='lat' dir='ltr'>De</span> <span class='ocrx_word' id='word_1_232' title='bbox 1938 1345 2007 1384; x_wconf 89' lang='lat' dir='ltr'>plus</span> 
     </span>
     <span class='ocr_line' id='line_1_20' title="bbox 295 1394 2008 1437; baseline -0.002 -12"><span class='ocrx_word' id='word_1_233' title='bbox 295 1401 344 1425; x_wconf 84' lang='lat' dir='ltr'>cet</span> <span class='ocrx_word' id='word_1_234' title='bbox 371 1397 506 1426; x_wconf 76' lang='lat' dir='ltr'>ecrivain</span> <span class='ocrx_word' id='word_1_235' title='bbox 533 1401 664 1426; x_wconf 88' lang='lat' dir='ltr'>commet</span> <span class='ocrx_word' id='word_1_236' title='bbox 695 1407 757 1425; x_wconf 90' lang='lat' dir='ltr'>une</span> <span class='ocrx_word' id='word_1_237' title='bbox 787 1401 874 1426; x_wconf 87' lang='lat' dir='ltr'>autre</span> <span class='ocrx_word' id='word_1_238' title='bbox 905 1407 1013 1425; x_wconf 79' lang='lat' dir='ltr'>eri-eur</span> <span class='ocrx_word' id='word_1_239' title='bbox 1044 1398 1203 1427; x_wconf 80' lang='lat' dir='ltr'>manifeste</span> <span class='ocrx_word' id='word_1_240' title='bbox 1231 1408 1270 1427; x_wconf 89' lang='lat' dir='ltr'>en</span> <span class='ocrx_word' id='word_1_241' title='bbox 1299 1402 1478 1437; x_wconf 84' lang='lat' dir='ltr'>rapportant</span> <span class='ocrx_word' id='word_1_242' title='bbox 1504 1407 1564 1437; x_wconf 87' lang='lat' dir='ltr'>que</span> <span class='ocrx_word' id='word_1_243' title='bbox 1594 1398 1622 1426; x_wconf 87' lang='lat' dir='ltr'>le</span> <span class='ocrx_word' id='word_1_244' title='bbox 1655 1401 1754 1425; x_wconf 79' lang='lat' dir='ltr'>comte</span> <span class='ocrx_word' id='word_1_245' title='bbox 1785 1395 1930 1424; x_wconf 77' lang='lat' dir='ltr'>demeum</span> <span class='ocrx_word' id='word_1_246' title='bbox 1956 1394 2008 1423; x_wconf 79' lang='lat' dir='ltr'>dix</span> 
     </span>
    </p>
   </div>
   <div class='ocr_carea' id='block_1_3' title="bbox 296 1445 2006 1532">
    <p class='ocr_par' dir='ltr' id='par_1_6' title="bbox 296 1445 2006 1532">
     <span class='ocr_line' id='line_1_21' title="bbox 296 1445 980 1484; baseline -0.001 -10"><span class='ocrx_word' id='word_1_247' title='bbox 296 1454 350 1474; x_wconf 83' lang='lat' dir='ltr'>ans</span> <span class='ocrx_word' id='word_1_248' title='bbox 380 1455 420 1474; x_wconf 89' lang='lat' dir='ltr'>en</span> <span class='ocrx_word' id='word_1_249' title='bbox 452 1446 572 1484; x_wconf 84' lang='lat' dir='ltr'>prison,</span> <span class='ocrx_word' id='word_1_250' title='bbox 607 1450 638 1474; x_wconf 86' lang='lat' dir='ltr'>et</span> <span class='ocrx_word' id='word_1_251' title='bbox 666 1449 791 1474; x_wconf 86' lang='lat' dir='ltr'>mourut</span> <span class='ocrx_word' id='word_1_252' title='bbox 819 1455 858 1474; x_wconf 91' lang='lat' dir='ltr'>en</span> <span class='ocrx_word' id='word_1_253' title='bbox 890 1445 980 1474; x_wconf 72' lang='lat'>1219.</span> 
     </span>
     <span class='ocr_line' id='line_1_22' title="bbox 336 1489 2006 1532; baseline -0.003 -10"><span class='ocrx_word' id='word_1_254' title='bbox 336 1494 383 1522; x_wconf 90' lang='lat' dir='ltr'>Un</span> <span class='ocrx_word' id='word_1_255' title='bbox 419 1498 507 1522; x_wconf 83' lang='lat' dir='ltr'>autre</span> <span class='ocrx_word' id='word_1_256' title='bbox 543 1493 754 1532; x_wconf 85' lang='lat' dir='ltr'>ebroniqueur</span> <span class='ocrx_word' id='word_1_257' title='bbox 785 1493 872 1532; x_wconf 79' lang='lat' dir='ltr'>place</span> <span class='ocrx_word' id='word_1_258' title='bbox 910 1492 940 1522; x_wconf 86' lang='lat' dir='ltr'>la</span> <span class='ocrx_word' id='word_1_259' title='bbox 974 1492 1148 1522; x_wconf 77' lang='lat' dir='ltr'>delivrance</span> <span class='ocrx_word' id='word_1_260' title='bbox 1184 1492 1228 1522; x_wconf 88' lang='lat' dir='ltr'>du</span> <span class='ocrx_word' id='word_1_261' title='bbox 1259 1497 1358 1522; x_wconf 81' lang='lat' dir='ltr'>comte</span> <span class='ocrx_word' id='word_1_262' title='bbox 1390 1492 1542 1528; x_wconf 82' lang='lat' dir='ltr'>Ferrand,</span> <span class='ocrx_word' id='word_1_263' title='bbox 1577 1494 1686 1531; x_wconf 82' lang='lat' dir='ltr'>quatre</span> <span class='ocrx_word' id='word_1_264' title='bbox 1720 1490 1832 1520; x_wconf 73' lang='lat' dir='ltr'>annees</span> <span class='ocrx_word' id='word_1_265' title='bbox 1860 1489 1948 1528; x_wconf 72' lang='lat' dir='ltr'>apres</span> <span class='ocrx_word' id='word_1_266' title='bbox 1975 1489 2006 1518; x_wconf 81' lang='lat' dir='ltr'>la</span> 
     </span>
    </p>
   </div>
   <div class='ocr_carea' id='block_1_4' title="bbox 294 1535 2007 1629">
    <p class='ocr_par' dir='ltr' id='par_1_7' title="bbox 294 1535 2007 1629">
     <span class='ocr_line' id='line_1_23' title="bbox 294 1535 2004 1581; baseline -0.004 -10"><span class='ocrx_word' id='word_1_267' title='bbox 294 1546 376 1571; x_wconf 87' lang='lat' dir='ltr'>mort</span> <span class='ocrx_word' id='word_1_268' title='bbox 400 1542 443 1571; x_wconf 85' lang='lat' dir='ltr'>du</span> <span class='ocrx_word' id='word_1_269' title='bbox 467 1543 514 1572; x_wconf 90' lang='lat' dir='ltr'>roi</span> <span class='ocrx_word' id='word_1_270' title='bbox 539 1542 694 1581; x_wconf 86' lang='lat' dir='ltr'>Philippe,</span> <span class='ocrx_word' id='word_1_271' title='bbox 722 1543 960 1572; x_wconf 84' lang='lat' dir='ltr'>contrairement</span> <span class='ocrx_word' id='word_1_272' title='bbox 987 1553 1026 1572; x_wconf 82' lang='lat' dir='ltr'>au</span> <span class='ocrx_word' id='word_1_273' title='bbox 1051 1543 1130 1572; x_wconf 85' lang='lat' dir='ltr'>recit</span> <span class='ocrx_word' id='word_1_274' title='bbox 1149 1541 1187 1570; x_wconf 91' lang='lat' dir='ltr'>de</span> <span class='ocrx_word' id='word_1_275' title='bbox 1209 1541 1338 1580; x_wconf 77' lang='lat' dir='ltr'>Rigord:</span> <span class='ocrx_word' id='word_1_276' title='bbox 1369 1553 1381 1567; x_wconf 72' lang='grc' dir='ltr'>α</span> <span class='ocrx_word' id='word_1_277' title='bbox 1397 1542 1435 1569; x_wconf 90' lang='lat' dir='ltr'>Le</span> <span class='ocrx_word' id='word_1_278' title='bbox 1458 1541 1532 1579; x_wconf 83' lang='lat' dir='ltr'>jour</span> <span class='ocrx_word' id='word_1_279' title='bbox 1559 1540 1612 1568; x_wconf 90' lang='lat' dir='ltr'>des</span> <span class='ocrx_word' id='word_1_280' title='bbox 1630 1541 1707 1578; x_wconf 79' lang='lat' dir='ltr'>Roys</span> <span class='ocrx_word' id='word_1_281' title='bbox 1735 1538 1828 1575; x_wconf 70' lang='lat'>1227,</span> <span class='ocrx_word' id='word_1_282' title='bbox 1853 1535 2004 1572; x_wconf 84' lang='lat' dir='ltr'>Ferrand,</span> 
     </span>
     <span class='ocr_line' id='line_1_24' title="bbox 296 1583 2007 1629; baseline -0.004 -10"><span class='ocrx_word' id='word_1_283' title='bbox 296 1594 396 1620; x_wconf 87' lang='lat' dir='ltr'>comte</span> <span class='ocrx_word' id='word_1_284' title='bbox 426 1590 464 1619; x_wconf 87' lang='lat' dir='ltr'>de</span> <span class='ocrx_word' id='word_1_285' title='bbox 492 1590 637 1619; x_wconf 83' lang='lat' dir='ltr'>Flandres</span> <span class='ocrx_word' id='word_1_286' title='bbox 670 1590 718 1619; x_wconf 84' lang='lat' dir='ltr'>fut</span> <span class='ocrx_word' id='word_1_287' title='bbox 746 1591 862 1620; x_wconf 75' lang='lat' dir='ltr'>delivre</span> <span class='ocrx_word' id='word_1_288' title='bbox 894 1600 933 1620; x_wconf 86' lang='lat' dir='ltr'>en</span> <span class='ocrx_word' id='word_1_289' title='bbox 961 1594 1074 1629; x_wconf 80' lang='lat' dir='ltr'>payant</span> <span class='ocrx_word' id='word_1_290' title='bbox 1106 1600 1138 1620; x_wconf 84' lang='lat' dir='ltr'>sa</span> <span class='ocrx_word' id='word_1_291' title='bbox 1171 1599 1301 1628; x_wconf 63' lang='lat' dir='ltr'>rancun,</span> <span class='ocrx_word' id='word_1_292' title='bbox 1337 1589 1441 1628; x_wconf 86' lang='lat' dir='ltr'>lequel</span> <span class='ocrx_word' id='word_1_293' title='bbox 1467 1588 1514 1617; x_wconf 86' lang='lat' dir='ltr'>fut</span> <span class='ocrx_word' id='word_1_294' title='bbox 1545 1597 1639 1628; x_wconf 69' lang='lat' dir='ltr'>receu</span> <span class='ocrx_word' id='word_1_295' title='bbox 1667 1587 1685 1616; x_wconf 74' lang='grc' dir='ltr'>ἐι</span> <span class='ocrx_word' id='word_1_296' title='bbox 1719 1587 1748 1616; x_wconf 82' lang='lat' dir='ltr'>la</span> <span class='ocrx_word' id='word_1_297' title='bbox 1783 1589 1889 1622; x_wconf 81' lang='lat' dir='ltr'>court,</span> <span class='ocrx_word' id='word_1_298' title='bbox 1923 1589 1954 1613; x_wconf 90' lang='lat' dir='ltr'>et</span> <span class='ocrx_word' id='word_1_299' title='bbox 1977 1583 2007 1612; x_wconf 90' lang='lat' dir='ltr'>le</span> 
     </span>
    </p>
   </div>
   <div class='ocr_carea' id='block_1_5' title="bbox 295 1638 2010 1726">
    <p class='ocr_par' dir='ltr' id='par_1_8' title="bbox 295 1638 2010 1726">
     <span class='ocr_line' id='line_1_25' title="bbox 295 1638 1104 1678; baseline 0 -11"><span class='ocrx_word' id='word_1_300' title='bbox 295 1638 357 1667; x_wconf 80' lang='lat' dir='ltr'>tres</span> <span class='ocrx_word' id='word_1_301' title='bbox 389 1639 461 1668; x_wconf 85' lang='lat' dir='ltr'>bien</span> <span class='ocrx_word' id='word_1_302' title='bbox 489 1649 571 1668; x_wconf 86' lang='lat' dir='ltr'>venu</span> <span class='ocrx_word' id='word_1_303' title='bbox 601 1649 669 1668; x_wconf 84' lang='lat' dir='ltr'>vers</span> <span class='ocrx_word' id='word_1_304' title='bbox 704 1649 736 1668; x_wconf 87' lang='lat' dir='ltr'>sa</span> <span class='ocrx_word' id='word_1_305' title='bbox 765 1643 848 1668; x_wconf 83' lang='lat' dir='ltr'>tante</span> <span class='ocrx_word' id='word_1_306' title='bbox 876 1639 905 1668; x_wconf 82' lang='lat' dir='ltr'>la</span> <span class='ocrx_word' id='word_1_307' title='bbox 935 1639 1074 1678; x_wconf 78' lang='lat' dir='ltr'>regente.</span> <span class='ocrx_word' id='word_1_308' title='bbox 1091 1651 1104 1666; x_wconf 77' lang='lat' dir='ltr'>n</span> 
     </span>
     <span class='ocr_line' id='line_1_26' title="bbox 336 1681 2010 1726; baseline -0.004 -11"><span class='ocrx_word' id='word_1_309' title='bbox 336 1686 455 1715; x_wconf 82' lang='lat' dir='ltr'>Conrad</span> <span class='ocrx_word' id='word_1_310' title='bbox 484 1687 664 1726; x_wconf 79' lang='lat' dir='ltr'>d’Ursperge</span> <span class='ocrx_word' id='word_1_311' title='bbox 695 1686 738 1715; x_wconf 87' lang='lat' dir='ltr'>dit</span> <span class='ocrx_word' id='word_1_312' title='bbox 763 1687 989 1726; x_wconf 78' lang='lat' dir='ltr'>expressement</span> <span class='ocrx_word' id='word_1_313' title='bbox 1017 1697 1077 1726; x_wconf 89' lang='lat' dir='ltr'>que</span> <span class='ocrx_word' id='word_1_314' title='bbox 1110 1687 1139 1716; x_wconf 90' lang='lat' dir='ltr'>le</span> <span class='ocrx_word' id='word_1_315' title='bbox 1175 1690 1273 1716; x_wconf 87' lang='lat' dir='ltr'>comte</span> <span class='ocrx_word' id='word_1_316' title='bbox 1308 1685 1455 1725; x_wconf 81' lang='lat' dir='ltr'>Reginald</span> <span class='ocrx_word' id='word_1_317' title='bbox 1488 1688 1615 1715; x_wconf 79' lang='lat' dir='ltr'>mourut</span> <span class='ocrx_word' id='word_1_318' title='bbox 1646 1693 1685 1713; x_wconf 90' lang='lat' dir='ltr'>en</span> <span class='ocrx_word' id='word_1_319' title='bbox 1718 1683 1838 1722; x_wconf 81' lang='lat' dir='ltr'>prison3</span> <span class='ocrx_word' id='word_1_320' title='bbox 1876 1681 2010 1710; x_wconf 84' lang='lat' dir='ltr'>Mathieu</span> 
     </span>
    </p>
   </div>
   <div class='ocr_carea' id='block_1_6' title="bbox 295 1732 2012 1873">
    <p class='ocr_par' dir='ltr' id='par_1_9' title="bbox 295 1732 2012 1873">
     <span class='ocr_line' id='line_1_27' title="bbox 295 1732 2010 1770; baseline -0.002 -8"><span class='ocrx_word' id='word_1_321' title='bbox 295 1733 377 1763; x_wconf 71' lang='lat' dir='ltr'>Pin-is</span> <span class='ocrx_word' id='word_1_322' title='bbox 405 1734 450 1763; x_wconf 72' lang='lat' dir='ltr'>dit</span> <span class='ocrx_word' id='word_1_323' title='bbox 477 1735 506 1763; x_wconf 89' lang='lat' dir='ltr'>le</span> <span class='ocrx_word' id='word_1_324' title='bbox 538 1735 703 1764; x_wconf 85' lang='lat' dir='ltr'>contraire.</span> <span class='ocrx_word' id='word_1_325' title='bbox 733 1737 778 1764; x_wconf 85' lang='lat' dir='ltr'>Au</span> <span class='ocrx_word' id='word_1_326' title='bbox 805 1736 911 1764; x_wconf 89' lang='lat' dir='ltr'>milieu</span> <span class='ocrx_word' id='word_1_327' title='bbox 943 1735 982 1764; x_wconf 90' lang='lat' dir='ltr'>de</span> <span class='ocrx_word' id='word_1_328' title='bbox 1015 1740 1080 1764; x_wconf 78' lang='lat' dir='ltr'>tant</span> <span class='ocrx_word' id='word_1_329' title='bbox 1112 1736 1150 1764; x_wconf 89' lang='lat' dir='ltr'>de</span> <span class='ocrx_word' id='word_1_330' title='bbox 1180 1735 1418 1765; x_wconf 76' lang='lat' dir='ltr'>contradictions</span> <span class='ocrx_word' id='word_1_331' title='bbox 1447 1745 1524 1764; x_wconf 90' lang='lat' dir='ltr'>nous</span> <span class='ocrx_word' id='word_1_332' title='bbox 1554 1734 1670 1770; x_wconf 77' lang='lat' dir='ltr'>dimus,</span> <span class='ocrx_word' id='word_1_333' title='bbox 1701 1742 1774 1762; x_wconf 82' lang='lat' dir='ltr'>avec</span> <span class='ocrx_word' id='word_1_334' title='bbox 1799 1732 1828 1760; x_wconf 92' lang='lat' dir='ltr'>le</span> <span class='ocrx_word' id='word_1_335' title='bbox 1855 1739 2010 1760; x_wconf 87' lang='lat' dir='ltr'>commen-</span> 
     </span>
     <span class='ocr_line' id='line_1_28' title="bbox 296 1779 2012 1823; baseline -0.003 -11"><span class='ocrx_word' id='word_1_336' title='bbox 296 1788 398 1813; x_wconf 84' lang='lat' dir='ltr'>tateur</span> <span class='ocrx_word' id='word_1_337' title='bbox 439 1785 552 1823; x_wconf 77' lang='lat' dir='ltr'>Gaspar</span> <span class='ocrx_word' id='word_1_338' title='bbox 593 1785 749 1813; x_wconf 80' lang='lat' dir='ltr'>Barthius:</span> <span class='ocrx_word' id='word_1_339' title='bbox 793 1786 895 1814; x_wconf 81' lang='lat' dir='ltr'>«Tam</span> <span class='ocrx_word' id='word_1_340' title='bbox 927 1784 1115 1813; x_wconf 86' lang='lat' dir='ltr'>incredibilis</span> <span class='ocrx_word' id='word_1_341' title='bbox 1147 1785 1276 1813; x_wconf 80' lang='lat' dir='ltr'>varietas</span> <span class='ocrx_word' id='word_1_342' title='bbox 1311 1788 1356 1812; x_wconf 89' lang='lat' dir='ltr'>est</span> <span class='ocrx_word' id='word_1_343' title='bbox 1387 1784 1572 1823; x_wconf 87' lang='lat' dir='ltr'>scriptorum</span> <span class='ocrx_word' id='word_1_344' title='bbox 1604 1781 1637 1811; x_wconf 91' lang='lat' dir='ltr'>in</span> <span class='ocrx_word' id='word_1_345' title='bbox 1672 1781 1719 1810; x_wconf 87' lang='lat' dir='ltr'>his</span> <span class='ocrx_word' id='word_1_346' title='bbox 1750 1779 1944 1819; x_wconf 86' lang='lat' dir='ltr'>temporibus</span> <span class='ocrx_word' id='word_1_347' title='bbox 1977 1781 2012 1807; x_wconf 83' lang='lat' dir='ltr'>ut</span> 
     </span>
     <span class='ocr_line' id='line_1_29' title="bbox 298 1832 1419 1873; baseline 0 -13"><span class='ocrx_word' id='word_1_348' title='bbox 298 1844 311 1859; x_wconf 77' lang='lat' dir='ltr'>n</span> <span class='ocrx_word' id='word_1_349' title='bbox 333 1832 439 1861; x_wconf 79' lang='lat' dir='ltr'>timide</span> <span class='ocrx_word' id='word_1_350' title='bbox 466 1833 541 1872; x_wconf 87' lang='lat' dir='ltr'>quid</span> <span class='ocrx_word' id='word_1_351' title='bbox 571 1833 677 1869; x_wconf 82' lang='lat' dir='ltr'>statui,</span> <span class='ocrx_word' id='word_1_352' title='bbox 709 1833 770 1862; x_wconf 90' lang='lat' dir='ltr'>nisi</span> <span class='ocrx_word' id='word_1_353' title='bbox 803 1833 943 1873; x_wconf 89' lang='lat' dir='ltr'>plurimis</span> <span class='ocrx_word' id='word_1_354' title='bbox 973 1833 1052 1862; x_wconf 75' lang='lat' dir='ltr'>bene</span> <span class='ocrx_word' id='word_1_355' title='bbox 1088 1834 1240 1870; x_wconf 78' lang='lat' dir='ltr'>excussis,</span> <span class='ocrx_word' id='word_1_356' title='bbox 1268 1833 1419 1863; x_wconf 81' lang='lat' dir='ltr'>debeat.»</span> 
     </span>
    </p>
   </div>
   <div class='ocr_carea' id='block_1_7' title="bbox 335 1905 2010 1994">
    <p class='ocr_par' dir='ltr' id='par_1_10' title="bbox 335 1905 2010 1994">
     <span class='ocr_line' id='line_1_30' title="bbox 335 1905 1148 1945; baseline 0.001 -11"><span class='ocrx_word' id='word_1_357' title='bbox 335 1906 410 1934; x_wconf 68' lang='lat' dir='ltr'>Vns</span> <span class='ocrx_word' id='word_1_358' title='bbox 438 1905 528 1934; x_wconf 73' lang='lat'>1923.</span> <span class='ocrx_word' id='word_1_359' title='bbox 561 1906 752 1945; x_wconf 79' lang='lat' dir='ltr'>Compedibus</span> <span class='ocrx_word' id='word_1_360' title='bbox 776 1907 909 1935; x_wconf 77' lang='lat' dir='ltr'>vinctum</span> <span class='ocrx_word' id='word_1_361' title='bbox 932 1907 1060 1944; x_wconf 77' lang='lat' dir='ltr'>qeminis</span> <span class='ocrx_word' id='word_1_362' title='bbox 1093 1911 1148 1936; x_wconf 80' lang='lat' dir='ltr'>etc.</span> 
     </span>
     <span class='ocr_line' id='line_1_31' title="bbox 336 1949 2010 1994; baseline -0.003 -12"><span class='ocrx_word' id='word_1_363' title='bbox 336 1953 361 1982; x_wconf 90' lang='lat'>11</span> <span class='ocrx_word' id='word_1_364' title='bbox 389 1958 435 1982; x_wconf 84' lang='lat' dir='ltr'>est</span> <span class='ocrx_word' id='word_1_365' title='bbox 461 1954 588 1982; x_wconf 78' lang='lat' dir='ltr'>curieux</span> <span class='ocrx_word' id='word_1_366' title='bbox 618 1955 656 1983; x_wconf 91' lang='lat' dir='ltr'>de</span> <span class='ocrx_word' id='word_1_367' title='bbox 684 1965 843 1994; x_wconf 84' lang='lat' dir='ltr'>comparer</span> <span class='ocrx_word' id='word_1_368' title='bbox 871 1956 911 1984; x_wconf 87' lang='lat' dir='ltr'>ici</span> <span class='ocrx_word' id='word_1_369' title='bbox 938 1955 966 1984; x_wconf 90' lang='lat' dir='ltr'>le</span> <span class='ocrx_word' id='word_1_370' title='bbox 992 1955 1069 1984; x_wconf 88' lang='lat' dir='ltr'>recit</span> <span class='ocrx_word' id='word_1_371' title='bbox 1104 1955 1142 1984; x_wconf 87' lang='lat' dir='ltr'>de</span> <span class='ocrx_word' id='word_1_372' title='bbox 1175 1953 1305 1993; x_wconf 82' lang='lat' dir='ltr'>Rigord:</span> <span class='ocrx_word' id='word_1_373' title='bbox 1350 1966 1363 1980; x_wconf 71' lang='grc' dir='ltr'>«ι</span> <span class='ocrx_word' id='word_1_374' title='bbox 1378 1955 1439 1983; x_wconf 86' lang='lat' dir='ltr'>Rex</span> <span class='ocrx_word' id='word_1_375' title='bbox 1465 1962 1535 1982; x_wconf 91' lang='lat' dir='ltr'>cum</span> <span class='ocrx_word' id='word_1_376' title='bbox 1570 1952 1638 1982; x_wconf 84' lang='lat' dir='ltr'>haec</span> <span class='ocrx_word' id='word_1_377' title='bbox 1663 1951 1804 1986; x_wconf 85' lang='lat' dir='ltr'>dixisset,</span> <span class='ocrx_word' id='word_1_378' title='bbox 1838 1949 1911 1979; x_wconf 82' lang='lat' dir='ltr'>fecit</span> <span class='ocrx_word' id='word_1_379' title='bbox 1939 1958 2010 1977; x_wconf 87' lang='lat' dir='ltr'>eum</span> 
     </span>
    </p>
   </div>
   <div class='ocr_carea' id='block_1_8' title="bbox 296 1998 2011 2189">
    <p class='ocr_par' dir='ltr' id='par_1_11' title="bbox 296 1998 2011 2189">
     <span class='ocr_line' id='line_1_32' title="bbox 296 1998 2011 2036; baseline -0.002 -8"><span class='ocrx_word' id='word_1_380' title='bbox 296 2013 309 2027; x_wconf 79' lang='lat' dir='ltr'>n</span> <span class='ocrx_word' id='word_1_381' title='bbox 329 2002 477 2030; x_wconf 82' lang='lat' dir='ltr'>Peronam</span> <span class='ocrx_word' id='word_1_382' title='bbox 510 2001 622 2031; x_wconf 79' lang='lat' dir='ltr'>abduci</span> <span class='ocrx_word' id='word_1_383' title='bbox 655 2007 686 2031; x_wconf 87' lang='lat' dir='ltr'>et</span> <span class='ocrx_word' id='word_1_384' title='bbox 717 2003 761 2031; x_wconf 91' lang='lat' dir='ltr'>ibi</span> <span class='ocrx_word' id='word_1_385' title='bbox 794 2003 826 2031; x_wconf 91' lang='lat' dir='ltr'>in</span> <span class='ocrx_word' id='word_1_386' title='bbox 855 2003 964 2032; x_wconf 84' lang='lat' dir='ltr'>turrim</span> <span class='ocrx_word' id='word_1_387' title='bbox 994 2003 1225 2032; x_wconf 81' lang='lat' dir='ltr'>munitissimam</span> <span class='ocrx_word' id='word_1_388' title='bbox 1261 2002 1380 2031; x_wconf 90' lang='lat' dir='ltr'>includi</span> <span class='ocrx_word' id='word_1_389' title='bbox 1415 2006 1443 2032; x_wconf 83' lang='lat' dir='ltr'>et</span> <span class='ocrx_word' id='word_1_390' title='bbox 1477 2000 1649 2030; x_wconf 84' lang='lat' dir='ltr'>cautissime</span> <span class='ocrx_word' id='word_1_391' title='bbox 1684 1998 1847 2034; x_wconf 88' lang='lat' dir='ltr'>custodiri,</span> <span class='ocrx_word' id='word_1_392' title='bbox 1882 1998 2011 2036; x_wconf 79' lang='lat' dir='ltr'>ligatum</span> 
     </span>
     <span class='ocr_line' id='line_1_33' title="bbox 297 2047 2010 2091; baseline -0.004 -12"><span class='ocrx_word' id='word_1_393' title='bbox 297 2062 311 2076; x_wconf 71' lang='grc' dir='ltr'><strong>υ</strong></span> <span class='ocrx_word' id='word_1_394' title='bbox 332 2050 530 2089; x_wconf 82' lang='lat' dir='ltr'>compedibus</span> <span class='ocrx_word' id='word_1_395' title='bbox 561 2051 638 2081; x_wconf 82' lang='lat' dir='ltr'>mira</span> <span class='ocrx_word' id='word_1_396' title='bbox 667 2052 846 2081; x_wconf 83' lang='lat' dir='ltr'>substilitate</span> <span class='ocrx_word' id='word_1_397' title='bbox 878 2052 1030 2091; x_wconf 84' lang='lat' dir='ltr'>perplexis</span> <span class='ocrx_word' id='word_1_398' title='bbox 1059 2058 1089 2082; x_wconf 87' lang='lat' dir='ltr'>et</span> <span class='ocrx_word' id='word_1_399' title='bbox 1121 2053 1185 2082; x_wconf 76' lang='lat' dir='ltr'>sere</span> <span class='ocrx_word' id='word_1_400' title='bbox 1215 2051 1490 2086; x_wconf 87' lang='lat' dir='ltr'>indissolubilibus,</span> <span class='ocrx_word' id='word_1_401' title='bbox 1522 2048 1692 2088; x_wconf 83' lang='lat' dir='ltr'>conjunctis</span> <span class='ocrx_word' id='word_1_402' title='bbox 1726 2047 1857 2076; x_wconf 80' lang='lat' dir='ltr'>invicem</span> <span class='ocrx_word' id='word_1_403' title='bbox 1901 2049 2010 2074; x_wconf 84' lang='lat' dir='ltr'>catena</span> 
     </span>
     <span class='ocr_line' id='line_1_34' title="bbox 296 2097 2007 2140; baseline -0.003 -13"><span class='ocrx_word' id='word_1_404' title='bbox 296 2110 310 2124; x_wconf 78' lang='lat' dir='ltr'>n</span> <span class='ocrx_word' id='word_1_405' title='bbox 330 2102 422 2128; x_wconf 80' lang='lat' dir='ltr'>tantoe</span> <span class='ocrx_word' id='word_1_406' title='bbox 447 2099 603 2128; x_wconf 84' lang='lat' dir='ltr'>brevitatis</span> <span class='ocrx_word' id='word_1_407' title='bbox 628 2100 711 2139; x_wconf 86' lang='lat' dir='ltr'>quod</span> <span class='ocrx_word' id='word_1_408' title='bbox 729 2100 776 2129; x_wconf 78' lang='lat' dir='ltr'>vix</span> <span class='ocrx_word' id='word_1_409' title='bbox 798 2111 918 2139; x_wconf 85' lang='lat' dir='ltr'>passum</span> <span class='ocrx_word' id='word_1_410' title='bbox 940 2100 1050 2130; x_wconf 85' lang='lat' dir='ltr'>efficiat</span> <span class='ocrx_word' id='word_1_411' title='bbox 1070 2102 1283 2140; x_wconf 88' lang='lat' dir='ltr'>semiplenum.</span> <span class='ocrx_word' id='word_1_412' title='bbox 1307 2101 1449 2139; x_wconf 83' lang='lat' dir='ltr'>Ejusdem</span> <span class='ocrx_word' id='word_1_413' title='bbox 1476 2102 1591 2128; x_wconf 69' lang='lat' dir='ltr'>catenae</span> <span class='ocrx_word' id='word_1_414' title='bbox 1613 2097 1713 2126; x_wconf 88' lang='lat' dir='ltr'>medio</span> <span class='ocrx_word' id='word_1_415' title='bbox 1745 2097 1859 2125; x_wconf 85' lang='lat' dir='ltr'>inserta</span> <span class='ocrx_word' id='word_1_416' title='bbox 1881 2098 1948 2123; x_wconf 83' lang='lat' dir='ltr'>erat</span> <span class='ocrx_word' id='word_1_417' title='bbox 1976 2098 2007 2122; x_wconf 89' lang='lat' dir='ltr'>et</span> 
     </span>
     <span class='ocr_line' id='line_1_35' title="bbox 296 2141 2006 2189; baseline -0.004 -12"><span class='ocrx_word' id='word_1_418' title='bbox 296 2160 310 2174; x_wconf 74' lang='grc' dir='ltr'>ιι</span> <span class='ocrx_word' id='word_1_419' title='bbox 331 2147 391 2177; x_wconf 83' lang='lat' dir='ltr'>alia</span> <span class='ocrx_word' id='word_1_420' title='bbox 420 2152 546 2184; x_wconf 79' lang='lat' dir='ltr'>catena,</span> <span class='ocrx_word' id='word_1_421' title='bbox 576 2149 774 2188; x_wconf 82' lang='lat' dir='ltr'>longitudinis</span> <span class='ocrx_word' id='word_1_422' title='bbox 803 2160 821 2178; x_wconf 91' lang='lat' dir='ltr'>x</span> <span class='ocrx_word' id='word_1_423' title='bbox 845 2150 976 2188; x_wconf 85' lang='lat' dir='ltr'>pedum,</span> <span class='ocrx_word' id='word_1_424' title='bbox 1012 2150 1103 2179; x_wconf 81' lang='lat' dir='ltr'>infixa</span> <span class='ocrx_word' id='word_1_425' title='bbox 1129 2155 1221 2189; x_wconf 84' lang='lat' dir='ltr'>caput</span> <span class='ocrx_word' id='word_1_426' title='bbox 1252 2150 1384 2178; x_wconf 83' lang='lat' dir='ltr'>alterum</span> <span class='ocrx_word' id='word_1_427' title='bbox 1417 2147 1530 2177; x_wconf 81' lang='lat' dir='ltr'>cuidan</span> <span class='ocrx_word' id='word_1_428' title='bbox 1560 2146 1665 2175; x_wconf 89' lang='lat' dir='ltr'>mobili</span> <span class='ocrx_word' id='word_1_429' title='bbox 1698 2149 1806 2174; x_wconf 82' lang='lat' dir='ltr'>trunca</span> <span class='ocrx_word' id='word_1_430' title='bbox 1832 2142 1917 2182; x_wconf 85' lang='lat' dir='ltr'>quod</span> <span class='ocrx_word' id='word_1_431' title='bbox 1944 2141 2006 2170; x_wconf 89' lang='lat' dir='ltr'>duo</span> 
     </span>
    </p>
   </div>
   <div class='ocr_carea' id='block_1_9' title="bbox 297 2195 2008 2334">
    <p class='ocr_par' dir='ltr' id='par_1_12' title="bbox 297 2195 2008 2334">
     <span class='ocr_line' id='line_1_36' title="bbox 298 2195 1716 2238; baseline -0.001 -14"><span class='ocrx_word' id='word_1_432' title='bbox 298 2208 311 2222; x_wconf 76' lang='lat' dir='ltr'>n</span> <span class='ocrx_word' id='word_1_433' title='bbox 331 2195 471 2226; x_wconf 77' lang='lat' dir='ltr'>homines</span> <span class='ocrx_word' id='word_1_434' title='bbox 496 2207 619 2226; x_wconf 83' lang='lat' dir='ltr'>movere</span> <span class='ocrx_word' id='word_1_435' title='bbox 648 2202 802 2236; x_wconf 84' lang='lat' dir='ltr'>poterant,</span> <span class='ocrx_word' id='word_1_436' title='bbox 831 2199 950 2238; x_wconf 89' lang='lat' dir='ltr'>quoties</span> <span class='ocrx_word' id='word_1_437' title='bbox 983 2209 1083 2228; x_wconf 88' lang='lat' dir='ltr'>comes</span> <span class='ocrx_word' id='word_1_438' title='bbox 1112 2200 1209 2228; x_wconf 82' lang='lat' dir='ltr'>iturus</span> <span class='ocrx_word' id='word_1_439' title='bbox 1237 2205 1303 2229; x_wconf 83' lang='lat' dir='ltr'>erat</span> <span class='ocrx_word' id='word_1_440' title='bbox 1335 2199 1375 2228; x_wconf 82' lang='lat' dir='ltr'>ad</span> <span class='ocrx_word' id='word_1_441' title='bbox 1407 2201 1525 2227; x_wconf 86' lang='lat' dir='ltr'>secreta</span> <span class='ocrx_word' id='word_1_442' title='bbox 1556 2200 1685 2224; x_wconf 62' lang='lat' dir='ltr'>naturae.</span> <span class='ocrx_word' id='word_1_443' title='bbox 1703 2207 1716 2220; x_wconf 69' lang='grc' dir='ltr'>ι»</span> 
     </span>
     <span class='ocr_line' id='line_1_37' title="bbox 337 2239 2008 2286; baseline -0.002 -14"><span class='ocrx_word' id='word_1_444' title='bbox 337 2244 425 2272; x_wconf 93' lang='lat' dir='ltr'>Louis</span> <span class='ocrx_word' id='word_1_445' title='bbox 457 2245 492 2272; x_wconf 88' lang='lat' dir='ltr'>Xl</span> <span class='ocrx_word' id='word_1_446' title='bbox 524 2255 555 2273; x_wconf 92' lang='lat' dir='ltr'>se</span> <span class='ocrx_word' id='word_1_447' title='bbox 584 2246 677 2274; x_wconf 85' lang='lat' dir='ltr'>servit</span> <span class='ocrx_word' id='word_1_448' title='bbox 715 2246 769 2274; x_wconf 87' lang='lat' dir='ltr'>des</span> <span class='ocrx_word' id='word_1_449' title='bbox 804 2247 918 2275; x_wconf 73' lang='lat' dir='ltr'>memes</span> <span class='ocrx_word' id='word_1_450' title='bbox 952 2257 1077 2285; x_wconf 79' lang='lat' dir='ltr'>moyens</span> <span class='ocrx_word' id='word_1_451' title='bbox 1108 2257 1187 2286; x_wconf 85' lang='lat' dir='ltr'>pour</span> <span class='ocrx_word' id='word_1_452' title='bbox 1222 2246 1333 2286; x_wconf 78' lang='lat' dir='ltr'>garder</span> <span class='ocrx_word' id='word_1_453' title='bbox 1371 2256 1418 2275; x_wconf 89' lang='lat' dir='ltr'>ses</span> <span class='ocrx_word' id='word_1_454' title='bbox 1456 2243 1661 2284; x_wconf 87' lang='lat' dir='ltr'>prisonniers,</span> <span class='ocrx_word' id='word_1_455' title='bbox 1696 2241 1772 2271; x_wconf 83' lang='lat' dir='ltr'>ainsi</span> <span class='ocrx_word' id='word_1_456' title='bbox 1810 2239 1902 2279; x_wconf 87' lang='lat' dir='ltr'>qu’on</span> <span class='ocrx_word' id='word_1_457' title='bbox 1934 2241 2008 2277; x_wconf 84' lang='lat' dir='ltr'>peut</span> 
     </span>
     <span class='ocr_line' id='line_1_38' title="bbox 297 2291 1267 2334; baseline 0.006 -15"><span class='ocrx_word' id='word_1_458' title='bbox 297 2291 326 2319; x_wconf 91' lang='lat' dir='ltr'>le</span> <span class='ocrx_word' id='word_1_459' title='bbox 353 2291 420 2320; x_wconf 77' lang='lat' dir='ltr'>voit·</span> <span class='ocrx_word' id='word_1_460' title='bbox 449 2292 524 2321; x_wconf 84' lang='lat' dir='ltr'>dans</span> <span class='ocrx_word' id='word_1_461' title='bbox 555 2293 585 2322; x_wconf 89' lang='lat' dir='ltr'>le</span> <span class='ocrx_word' id='word_1_462' title='bbox 614 2298 645 2322; x_wconf 69' lang='lat' dir='ltr'>xe</span> <span class='ocrx_word' id='word_1_463' title='bbox 677 2294 753 2323; x_wconf 88' lang='lat' dir='ltr'>livre</span> <span class='ocrx_word' id='word_1_464' title='bbox 782 2294 821 2323; x_wconf 90' lang='lat' dir='ltr'>de</span> <span class='ocrx_word' id='word_1_465' title='bbox 848 2295 983 2334; x_wconf 82' lang='lat' dir='ltr'>Philippe</span> <span class='ocrx_word' id='word_1_466' title='bbox 1014 2296 1052 2324; x_wconf 92' lang='lat' dir='ltr'>de</span> <span class='ocrx_word' id='word_1_467' title='bbox 1086 2296 1267 2325; x_wconf 69' lang='lat' dir='ltr'>Comminus.</span> 
     </span>
    </p>
   </div>
   <div class='ocr_carea' id='block_1_10' title="bbox 299 2364 2016 2597">
    <p class='ocr_par' dir='ltr' id='par_1_13' title="bbox 337 2364 1127 2406">
     <span class='ocr_line' id='line_1_39' title="bbox 337 2364 1127 2406; baseline 0.004 -13"><span class='ocrx_word' id='word_1_468' title='bbox 337 2365 410 2393; x_wconf 69' lang='lat' dir='ltr'>Vens</span> <span class='ocrx_word' id='word_1_469' title='bbox 438 2364 528 2394; x_wconf 63' lang='lat'>1945.</span> <span class='ocrx_word' id='word_1_470' title='bbox 562 2366 605 2394; x_wconf 78' lang='lat' dir='ltr'>At</span> <span class='ocrx_word' id='word_1_471' title='bbox 627 2366 794 2395; x_wconf 70' lang='lat' dir='ltr'>Fet-raudus</span> <span class='ocrx_word' id='word_1_472' title='bbox 822 2368 905 2406; x_wconf 79' lang='lat' dir='ltr'>equis</span> <span class='ocrx_word' id='word_1_473' title='bbox 930 2372 1043 2396; x_wconf 73' lang='lat' dir='ltr'>evectas</span> <span class='ocrx_word' id='word_1_474' title='bbox 1074 2373 1127 2397; x_wconf 78' lang='lat' dir='ltr'>etc.</span> 
     </span>
    </p>

    <p class='ocr_par' dir='ltr' id='par_1_14' title="bbox 299 2410 2016 2597">
     <span class='ocr_line' id='line_1_40' title="bbox 338 2410 2008 2455; baseline -0.003 -15"><span class='ocrx_word' id='word_1_475' title='bbox 338 2411 451 2451; x_wconf 79' lang='lat' dir='ltr'>Rigord</span> <span class='ocrx_word' id='word_1_476' title='bbox 478 2412 580 2441; x_wconf 87' lang='lat' dir='ltr'>donne</span> <span class='ocrx_word' id='word_1_477' title='bbox 606 2413 645 2441; x_wconf 88' lang='lat' dir='ltr'>de</span> <span class='ocrx_word' id='word_1_478' title='bbox 675 2413 741 2452; x_wconf 90' lang='lat' dir='ltr'>plus</span> <span class='ocrx_word' id='word_1_479' title='bbox 770 2415 884 2453; x_wconf 81' lang='lat' dir='ltr'>amplos</span> <span class='ocrx_word' id='word_1_480' title='bbox 906 2414 1013 2443; x_wconf 77' lang='lat' dir='ltr'>details</span> <span class='ocrx_word' id='word_1_481' title='bbox 1039 2425 1091 2444; x_wconf 86' lang='lat' dir='ltr'>sur</span> <span class='ocrx_word' id='word_1_482' title='bbox 1122 2416 1153 2445; x_wconf 82' lang='lat' dir='ltr'>le</span> <span class='ocrx_word' id='word_1_483' title='bbox 1179 2426 1296 2455; x_wconf 76' lang='lat' dir='ltr'>voyage</span> <span class='ocrx_word' id='word_1_484' title='bbox 1318 2416 1360 2444; x_wconf 89' lang='lat' dir='ltr'>du</span> <span class='ocrx_word' id='word_1_485' title='bbox 1386 2415 1478 2444; x_wconf 85' lang='lat' dir='ltr'>noble</span> <span class='ocrx_word' id='word_1_486' title='bbox 1507 2413 1700 2453; x_wconf 80' lang='lat' dir='ltr'>prisonnier:</span> <span class='ocrx_word' id='word_1_487' title='bbox 1735 2411 1871 2439; x_wconf 85' lang='lat' dir='ltr'>«Omnes</span> <span class='ocrx_word' id='word_1_488' title='bbox 1905 2410 2008 2453; x_wconf 79' lang='lat' dir='ltr'>autem</span> 
     </span>
     <span class='ocr_line' id='line_1_41' title="bbox 299 2459 2011 2501; baseline -0.003 -12"><span class='ocrx_word' id='word_1_489' title='bbox 299 2461 485 2500; x_wconf 74' lang='lat' dir='ltr'>»cujusque</span> <span class='ocrx_word' id='word_1_490' title='bbox 515 2462 650 2500; x_wconf 84' lang='lat' dir='ltr'>generis,</span> <span class='ocrx_word' id='word_1_491' title='bbox 681 2471 768 2490; x_wconf 85' lang='lat' dir='ltr'>sexus</span> <span class='ocrx_word' id='word_1_492' title='bbox 800 2467 831 2490; x_wconf 84' lang='lat' dir='ltr'>et</span> <span class='ocrx_word' id='word_1_493' title='bbox 860 2463 956 2492; x_wconf 81' lang='lat' dir='ltr'>oetatis</span> <span class='ocrx_word' id='word_1_494' title='bbox 992 2463 1130 2492; x_wconf 88' lang='lat' dir='ltr'>homines</span> <span class='ocrx_word' id='word_1_495' title='bbox 1158 2464 1198 2493; x_wconf 82' lang='lat' dir='ltr'>ad</span> <span class='ocrx_word' id='word_1_496' title='bbox 1227 2464 1303 2492; x_wconf 83' lang='lat' dir='ltr'>tanti</span> <span class='ocrx_word' id='word_1_497' title='bbox 1332 2462 1447 2492; x_wconf 80' lang='lat' dir='ltr'>triumfi</span> <span class='ocrx_word' id='word_1_498' title='bbox 1477 2461 1650 2501; x_wconf 82' lang='lat' dir='ltr'>spectacula</span> <span class='ocrx_word' id='word_1_499' title='bbox 1683 2459 1918 2490; x_wconf 81' lang='lat' dir='ltr'>concursantes,</span> <span class='ocrx_word' id='word_1_500' title='bbox 1948 2463 2011 2482; x_wconf 83' lang='lat' dir='ltr'>rus-</span> 
     </span>
     <span class='ocr_line' id='line_1_42' title="bbox 299 2501 2013 2550; baseline -0.004 -13"><span class='ocrx_word' id='word_1_501' title='bbox 299 2520 312 2534; x_wconf 64' lang='lat' dir='ltr'>i·</span> <span class='ocrx_word' id='word_1_502' title='bbox 334 2508 409 2537; x_wconf 87' lang='lat' dir='ltr'>ticos</span> <span class='ocrx_word' id='word_1_503' title='bbox 443 2512 474 2537; x_wconf 86' lang='lat' dir='ltr'>et</span> <span class='ocrx_word' id='word_1_504' title='bbox 502 2518 666 2545; x_wconf 82' lang='lat' dir='ltr'>messores,</span> <span class='ocrx_word' id='word_1_505' title='bbox 704 2510 881 2539; x_wconf 88' lang='lat' dir='ltr'>intermissis</span> <span class='ocrx_word' id='word_1_506' title='bbox 916 2510 1078 2550; x_wconf 86' lang='lat' dir='ltr'>operibus,</span> <span class='ocrx_word' id='word_1_507' title='bbox 1114 2510 1260 2549; x_wconf 82' lang='lat' dir='ltr'>falcibus,</span> <span class='ocrx_word' id='word_1_508' title='bbox 1296 2511 1400 2540; x_wconf 82' lang='lat' dir='ltr'>rastris</span> <span class='ocrx_word' id='word_1_509' title='bbox 1435 2515 1466 2539; x_wconf 87' lang='lat' dir='ltr'>et</span> <span class='ocrx_word' id='word_1_510' title='bbox 1503 2509 1640 2544; x_wconf 87' lang='lat' dir='ltr'>tribulis,</span> <span class='ocrx_word' id='word_1_511' title='bbox 1676 2507 1709 2535; x_wconf 91' lang='lat' dir='ltr'>in</span> <span class='ocrx_word' id='word_1_512' title='bbox 1745 2505 1824 2535; x_wconf 90' lang='lat' dir='ltr'>collo</span> <span class='ocrx_word' id='word_1_513' title='bbox 1862 2501 2013 2541; x_wconf 85' lang='lat' dir='ltr'>suspensis</span> 
     </span>
     <span class='ocr_line' id='line_1_43' title="bbox 299 2548 2016 2597; baseline -0.005 -12"><span class='ocrx_word' id='word_1_514' title='bbox 299 2569 312 2582; x_wconf 74' lang='lat' dir='ltr'>n</span> <span class='ocrx_word' id='word_1_515' title='bbox 333 2555 508 2595; x_wconf 80' lang='lat' dir='ltr'>(eratenim</span> <span class='ocrx_word' id='word_1_516' title='bbox 522 2557 679 2587; x_wconf 89' lang='lat' dir='ltr'>messionis</span> <span class='ocrx_word' id='word_1_517' title='bbox 695 2559 826 2597; x_wconf 86' lang='lat' dir='ltr'>tempus)</span> <span class='ocrx_word' id='word_1_518' title='bbox 842 2558 881 2588; x_wconf 83' lang='lat' dir='ltr'>ad</span> <span class='ocrx_word' id='word_1_519' title='bbox 897 2559 960 2588; x_wconf 80' lang='lat' dir='ltr'>vias</span> <span class='ocrx_word' id='word_1_520' title='bbox 975 2559 1152 2590; x_wconf 84' lang='lat' dir='ltr'>catervatim</span> <span class='ocrx_word' id='word_1_521' title='bbox 1168 2564 1308 2597; x_wconf 89' lang='lat' dir='ltr'>ruentes,</span> <span class='ocrx_word' id='word_1_522' title='bbox 1325 2568 1452 2589; x_wconf 84' lang='lat' dir='ltr'>cernere</span> <span class='ocrx_word' id='word_1_523' title='bbox 1467 2558 1625 2597; x_wconf 86' lang='lat' dir='ltr'>cupientes</span> <span class='ocrx_word' id='word_1_524' title='bbox 1640 2553 1827 2585; x_wconf 74' lang='lat' dir='ltr'>Ferrandum</span> <span class='ocrx_word' id='word_1_525' title='bbox 1843 2552 1874 2580; x_wconf 94' lang='lat' dir='ltr'>in</span> <span class='ocrx_word' id='word_1_526' title='bbox 1889 2548 2016 2579; x_wconf 83' lang='lat' dir='ltr'>vinculis</span> 
     </span>
    </p>
   </div>
  </div>
 </body>
</html>
