2395 3251
433 879 542 919 1850

429 1532 449 1571 1
458 1531 541 1572 840

1260 410 1326 440 124

575 490 660 530 Nec
700 488 845 528 saltem
880 492 928 527 ut
963 491 1160 541 superent
1189 484 1319 526 fastus
1354 484 1526 539 vestigia
1561 485 1671 525 tanti

570 553 759 607 Cumque
793 552 875 592 suis
914 557 1059 606 pereat
1104 551 1305 591 damnata
1338 550 1534 605 superbia
1567 549 1745 604 pompis.

572 616 649 657 Ast
679 618 865 671 aquilam
900 616 1043 657 fractis
1083 621 1322 670 reparatam
1357 615 1547 669 protinus
1587 614 1664 654 alis

571 682 664 723 Rex
696 683 801 724 hora
831 682 938 736 Regi
972 681 1192 721 Frederico
1228 681 1341 721 misit
1374 681 1518 720 eadem
1542 711 1554 730 ,

571 748 662 788 Hoc
696 749 800 789 sciat
834 754 882 788 ut
916 748 1025 787 dono
1066 745 1195 785 fasces
1236 744 1402 785 Othone
1437 745 1602 800 repulso
1620 775 1632 795 ,

571 813 667 854 Jam
702 829 816 854 nunc
854 813 994 853 divino
1029 811 1253 850 translatos
1288 824 1460 850 munere
1494 811 1538 849 in
1573 810 1726 864 ipsum.

632 879 842 918 Continuo
873 876 1013 931 spoliis
1044 881 1240 915 oneratus
1274 882 1396 915 nocte
1430 876 1671 930 propinqua

572 943 712 984 Coetus
751 957 879 983 ovans
914 943 959 981 in
1000 947 1138 981 castra
1173 941 1307 991 redit,
1348 940 1540 994 Regique
1575 952 1756 994 superno

571 1007 726 1048 Gratus
766 1008 854 1062 agit
883 1012 1020 1061 grates
1055 1011 1175 1059 grato
1205 1005 1296 1045 Rex
1327 1007 1450 1047 corde
1469 1038 1480 1057 ,
1519 1012 1582 1046 tot
1614 1005 1752 1045 hostes

571 1073 654 1124 Qui
684 1079 771 1112 tam
807 1072 988 1127 propitio
1031 1071 1146 1110 dedit
1179 1070 1241 1110 illi
1275 1073 1441 1113 vincere
1477 1078 1598 1112 nutu.

570 1138 666 1178 Fiat
694 1145 736 1178 et
770 1145 817 1178 ut
855 1144 988 1177 tantae
1024 1151 1182 1176 memor
1216 1142 1317 1177 aetas
1346 1144 1514 1192 postera
1549 1137 1731 1191 palmae,

571 1203 901 1259 Sylvanectensis
937 1209 1056 1242 extra
1092 1202 1207 1241 urbis
1242 1203 1397 1242 moenia
1426 1203 1575 1242 cellam

572 1269 747 1321 Condit,
787 1276 829 1310 et
867 1269 1047 1323 imponit
1081 1268 1143 1307 illi
1177 1267 1363 1307 Victoria
1402 1281 1585 1317 nomen,

573 1336 679 1387 Quae
719 1336 845 1390 largis
886 1335 1032 1374 dotata
1068 1334 1188 1374 bonis
1227 1347 1268 1373 se
1308 1332 1544 1372 canonicali

572 1399 794 1453 Religione
823 1414 971 1453 regens
1011 1399 1176 1438 abbatis
1211 1397 1365 1451 gaudet
1398 1396 1557 1435 honore
1574 1427 1586 1446 ,

572 1465 893 1520 Conventusque
928 1465 1063 1515 sacri,
1104 1478 1207 1518 quos
1243 1463 1294 1502 de
1326 1461 1492 1501 victoris
1532 1460 1630 1500 ovili

572 1529 773 1585 Angelico
804 1530 1024 1584 assumpsit
1057 1530 1182 1584 Regis
1222 1528 1447 1583 prudentia
1485 1527 1633 1580 dignos

571 1595 871 1636 Commendare
906 1595 991 1634 Deo
1026 1594 1154 1649 ipsius
1189 1593 1417 1648 populique
1449 1593 1650 1642 salutem,

571 1659 755 1700 Moribus
795 1659 1006 1712 insignes,
1046 1658 1251 1698 mundum
1291 1671 1543 1711 carnemque
1583 1670 1772 1711 perosos5

570 1725 650 1765 Per
680 1738 775 1778 quae
811 1725 898 1763 sola
933 1723 1015 1763 duo
1056 1737 1129 1762 nos
1165 1723 1380 1776 improbus
1417 1723 1549 1762 allicit
1577 1722 1737 1762 hostis:

570 1790 728 1844 Hisque
759 1789 1027 1843 triumphatis
1062 1789 1164 1828 levis
1204 1794 1265 1828 est
1300 1802 1395 1828 cum
1428 1788 1617 1827 daemone
1648 1801 1815 1841 pugna,

572 1854 677 1895 Cum
708 1855 769 1893 nil
803 1854 1054 1894 vincendum
1085 1853 1165 1892 nisi
1206 1853 1294 1892 sola
1332 1853 1527 1907 superbia
1561 1857 1702 1892 restet.

629 1919 665 1959 Ο
695 1920 850 1974 pietas,
890 1916 914 1957 ὀ
949 1918 1055 1958 mira
1093 1917 1193 1956 fides
1228 1917 1273 1957 in
1313 1917 1457 1971 Rege!
1498 1917 1599 1969 Quis
1630 1930 1821 1971 unquam

570 1985 663 2025 Rex
695 1984 990 2032 Hebraeorum,
1026 1981 1119 2035 quis
1153 1981 1371 2036 princeps,
1403 1982 1496 2036 quis
1533 1982 1677 2036 populi
1713 1981 1805 2021 Dux

572 2049 710 2088 Tanta
749 2062 852 2102 pace
888 2047 1047 2097 animi,
1087 2052 1209 2086 tanta
1248 2047 1403 2100 pietate
1442 2045 1633 2096 refulsit,

574 2114 631 2155 Ut
665 2128 751 2153 non
790 2113 960 2167 puniret
991 2112 1214 2166 capitalem
1250 2111 1440 2165 protinus
1474 2110 1636 2150 hostem

434 2178 544 2219 1850
574 2177 791 2234 Majestate
826 2191 943 2216 reum
982 2177 1103 2227 laesa,
1143 2175 1386 2228 dominique
1419 2180 1658 2228 peremptor

573 2244 656 2296 Qui
690 2243 779 2282 fieri
813 2243 973 2292 voluit,
1007 2247 1048 2281 et
1088 2242 1367 2296 perducturus
1403 2239 1457 2278 ad
1492 2244 1632 2278 actum

574 2309 616 2348 Si
651 2308 834 2348 licuisset
869 2312 959 2346 erat
993 2312 1242 2361 conceptum
1275 2306 1427 2344 mentis
1467 2304 1626 2358 iniquae
1645 2336 1655 2355 ,

575 2373 742 2413 Vasallo
780 2372 909 2412 infido
949 2372 1081 2412 voluit
1119 2371 1210 2411 Rex
1242 2371 1349 2410 fidus
1387 2368 1565 2417 haberi,

575 2436 658 2487 Qui
692 2451 853 2477 servare
894 2436 1019 2476 [idem
1048 2435 1238 2492 juratam
1273 2433 1411 2474 noluit
1445 2433 1537 2483 illi,

576 2501 708 2553 Quem
742 2500 855 2540 licite
893 2506 1058 2554 poterat
1087 2500 1234 2555 quovis
1270 2500 1511 2554 extinguere
1547 2498 1660 2540 letho
1674 2514 1692 2549 ς·
