2395 3251
424 998 507 1038 440

422 1647 506 1685 450

424 2290 508 2330 460

1260 397 1303 428 52

535 480 811 520 Flandrorum
844 481 1064 532 penetrat,
1095 474 1222 531 juvat
1249 474 1449 528 indagare
1484 486 1664 513 recessus
1681 503 1692 523 ‚

535 544 589 584 Et
622 543 795 598 populos
831 542 1013 595 gelidam
1047 553 1133 594 qua
1166 538 1367 579 Flandria
1399 539 1568 594 respicit
1601 537 1783 587 Arcton,

535 609 629 660 Qua
663 623 705 648 se
740 607 971 648 Brabancis
1005 605 1151 660 procul
1189 605 1291 645 hinc
1325 605 1603 645 conterminat
1643 603 1774 653 arvis,

534 673 630 726 Qua
663 673 925 727 Guilliquino
961 671 1079 711 fieret
1113 670 1374 710 contermina
1406 670 1576 724 Regno,

535 738 578 777 Si
611 751 726 777 mare
756 752 797 777 se
829 737 1013 777 medium
1049 749 1134 774 non
1170 735 1411 788 interponat
1444 735 1635 789 utrique,

535 802 664 843 Lidus
699 802 772 842 ubi
807 801 955 841 Scaldo
990 799 1237 839 commixtus
1273 799 1327 838 ad
1361 798 1541 853 aequoris
1576 797 1711 838 undas

535 868 694 907 Nomen
729 867 837 907 ferre
873 880 993 906 suum
1029 865 1179 905 Scaldo
1217 869 1439 919 superante
1472 868 1653 903 vetatur.

592 932 698 971 Illuc
733 946 829 986 ergo
864 945 956 971 suas
990 930 1162 970 tandem
1197 930 1289 971 Rex
1324 929 1510 984 applicat
1544 929 1654 979 alas,

538 996 596 1037 Ut
628 995 926 1036 Gandavorum
960 994 1089 1034 fastus
1123 994 1353 1044 obtundat,
1383 1000 1426 1034 et
1455 995 1564 1048 ipsos

534 1062 746 1102 Inclinare
781 1075 854 1100 suo
889 1059 1089 1099 cervicem
1123 1059 1305 1112 denique
1340 1060 1476 1114 Regi,

535 1127 603 1167 Illi
632 1141 674 1167 se
708 1131 829 1181 cogat
864 1123 1070 1181 subjectos
1100 1138 1184 1164 esse
1214 1123 1358 1175 fateri,

535 1192 710 1232 Nomine
745 1205 869 1245 quem
905 1191 990 1230 solo
1025 1190 1093 1230 vix
1126 1190 1205 1244 ipsi
1240 1204 1358 1229 nosse
1392 1190 1603 1230 volebant.

596 1257 784 1308 Quorum
823 1256 923 1295 dum
961 1260 1102 1309 portas
1137 1255 1298 1294 clausas
1337 1255 1415 1294 sibi
1450 1254 1642 1308 frangere
1677 1253 1803 1294 vellet

535 1321 823 1360 Instrumenta
856 1334 1011 1374 parans
1045 1319 1197 1373 quibus
1231 1333 1476 1373 oppugnare
1511 1318 1691 1374 superba

535 1386 689 1426 Maenia
724 1384 915 1434 festinet,
954 1385 1198 1437 mediasque
1230 1385 1462 1438 irrumpere
1496 1390 1655 1434 turres,

535 1451 721 1490 Nuncius
751 1464 844 1490 ecce
878 1450 1013 1490 ferens
1048 1450 1075 1490 a
1108 1450 1228 1490 Dano
1261 1449 1419 1503 scripta
1452 1449 1606 1499 citato,

535 1514 683 1554 Castra
716 1515 828 1554 subit
858 1529 1021 1568 gressu,
1061 1515 1254 1568 tristique
1293 1520 1356 1561 ita
1390 1513 1579 1553 clamitat
1615 1526 1710 1552 ore:

545 1579 854 1630 «Hesternum,
889 1579 979 1620 Rex
996 1610 1007 1629 ,
1045 1584 1144 1618 ante
1179 1579 1288 1619 diem
1325 1579 1582 1618 Salebericus
1616 1578 1737 1617 heros

538 1663 555 1681 n
586 1646 869 1698 Boloniusque
904 1644 1074 1694 Comes,
1114 1658 1209 1683 cum
1245 1645 1378 1697 gentis
1412 1644 1597 1683 millibus
1632 1642 1781 1697 Anglae

537 1727 554 1746 »
583 1709 797 1762 Belligeris
833 1709 972 1748 subito
1007 1708 1168 1748 ratibus
1203 1706 1420 1760 longisque
1454 1707 1583 1759 galeis

539 1792 555 1811 »
588 1772 838 1827 Applicuere
873 1772 996 1812 simul
1030 1771 1159 1826 prope
1195 1786 1290 1821 nos,
1328 1771 1401 1810 ubi
1437 1771 1627 1811 faucibus
1663 1772 1786 1811 arctis

536 1857 553 1876 »
585 1837 620 1877 A
656 1838 802 1892 pelago
838 1837 980 1878 refluit
1014 1837 1059 1877 in
1093 1837 1254 1876 Danica
1287 1837 1429 1878 littora
1463 1836 1629 1877 fluctus.

539 1920 555 1940 »
586 1902 680 1942 Jam
717 1916 792 1942 sua
826 1916 900 1956 per
935 1902 1123 1956 speculas
1159 1901 1372 1942 Bloetinus
1402 1902 1519 1956 signa
1553 1903 1706 1942 levavit

538 1985 554 2004 »
585 1967 729 2006 Omnis
763 1966 1048 2020 Ymngrinus,
1086 1966 1302 2017 Furnites,
1337 1966 1465 2021 Belga
1498 1967 1574 2006 sub
1608 1981 1692 2006 uno

538 2048 555 2067 »
588 2030 707 2071 Coetu
743 2030 958 2071 Ferrando
994 2029 1146 2072 Comiti
1180 2045 1222 2073 se
1257 2032 1572 2081 consociarunt,

537 2113 554 2133 »
584 2095 638 2135 Et
672 2095 822 2135 nostris
851 2109 945 2135 eum
983 2094 1184 2135 Bolonide
1213 2094 1305 2150 jam
1336 2096 1513 2136 navibus
1541 2096 1725 2146 instant,

537 2180 554 2198 ι»
585 2161 744 2201 Littore
782 2175 878 2215 quae
909 2161 995 2201 lato
1031 2161 1184 2201 temer'e
1221 2161 1300 2201 sibi
1337 2160 1635 2211 dissociantur,

536 2244 553 2261 ι»
584 2226 695 2275 Quas
730 2240 814 2266 uno
853 2226 975 2265 simul
1011 2240 1094 2265 esse
1134 2226 1228 2266 sinu
1262 2225 1443 2265 securius
1478 2231 1596 2265 essct.
1632 2243 1648 2262 »

598 2291 671 2330 llle
707 2291 874 2331 volebat
906 2291 1046 2331 adhuc
1080 2291 1356 2346 superaddere
1391 2291 1547 2340 multa,
1586 2292 1674 2332 sed'
1694 2307 1787 2333 ecce

543 2356 725 2396 'Nuncius
761 2357 866 2396 alter
896 2357 1035 2408 adest,
1075 2357 1281 2410 dictisque
1318 2357 1541 2411 superserit
1576 2357 1677 2408 ista,

539 2420 736 2473 Sincopat
772 2427 814 2460 et
847 2422 1002 2461 medios
1037 2422 1107 2462 vix
1140 2422 1376 2462 intellectus
1412 2417 1564 2462 anhelo

540 2485 622 2526 Ore
658 2499 800 2535 sonOS‚
839 2487 1004 2540 trepido
1042 2501 1260 2540 suspensus
1294 2494 1464 2542 pectora
1499 2503 1636 2529 cursu.
