2395 3251
433 574 455 611 7

470 573 515 611 ‘0

1275 358 1317 388 52

547 439 800 481 Panthoides
834 437 1056 491 Ephorbus
1093 440 1204 485 erat,
1244 434 1344 475 dum
1382 433 1513 474 credit
1547 434 1602 474 ab
1637 448 1721 474 uno

547 506 729 559 Corpore
761 518 877 558 posse
913 502 1098 543 animam
1133 501 1372 541 transfundi
1407 501 1450 540 in
1485 513 1659 555 corpora
1694 498 1851 538 multa:

546 570 684 610 Verbo
720 583 845 623 quem
881 568 965 608 solo
1000 574 1122 607 terrae
1158 567 1335 620 coelique
1366 571 1529 606 creator

544 634 810 676 Infundendo
844 639 958 673 creat
993 633 1092 673 deus
1126 631 1396 685 infunditque
1431 631 1626 670 creando.

543 701 624 741 Sed
656 705 823 740 tantum
858 704 906 739 ut
939 711 1099 737 mercar
1133 696 1307 749 vestigia
1336 696 1521 735 lambere
1555 696 1666 744 sola,

543 765 678 807 Unius
718 764 861 804 similis
890 763 935 803 in
971 762 1154 802 carmine
1191 760 1324 800 faetus
1360 775 1529 810 eorum,

545 833 604 872 Ne
639 845 779 871 sensus
814 829 1017 870 brevitate
1053 828 1138 867 mei·
1172 827 1378 881 praeclara
1412 826 1603 880 Philippi

544 898 676 938 Fama
710 896 957 936 relentescat
986 893 1186 948 praeconii
1221 892 1368 932 effecta
1403 891 1590 931 minoris.

542 961 732 1016 Occupat
770 974 865 1000 ecce
897 972 1070 999 manum
1105 957 1210 997 libri.
1237 956 1448 996 distinctio
1481 956 1604 1006 noni,

544 1028 627 1080 Qui
662 1026 847 1081 geminos
883 1023 1009 1065 audet
1043 1023 1166 1063 simul
1201 1021 1413 1062 affectasse
1448 1021 1697 1075 triumpho&

542 1094 596 1134 Et
630 1093 729 1132 licet
763 1093 817 1132 ad
852 1092 1034 1146 primum
1068 1089 1268 1144 trepidet,
1303 1102 1380 1127 nec
1415 1087 1618 1127 sufficiens
1654 1086 1729 1134 sit,

542 1160 600 1201 Ut
633 1165 768 1202 totum
804 1158 944 1212 capiat
978 1157 1022 1196 in
1058 1170 1122 1204 se,
1159 1155 1226 1194 vix
1262 1168 1356 1193 eccc
1392 1153 1618 1193 secundum

432 1228 516 1267 760
548 1226 756 1275 Sustinet,
791 1223 1000 1264 undecimi
1035 1226 1249 1261 consumet
1284 1219 1440 1273 pagina
1475 1219 1573 1259 libri

542 1291 647 1332 Tam
683 1289 930 1330 festinanter
964 1287 1080 1342 eupit
1118 1285 1313 1325 insudare
1349 1286 1541 1334 Bovinis‚

543 1358 635 1399 Rex
669 1356 742 1397 ubi
776 1355 981 1396 bellorum
1019 1366 1225 1393 summam
1260 1351 1482 1400 conclusit,
1521 1357 1561 1390 et
1597 1350 1733 1389 hostes

544 1423 678 1464 Marte
714 1419 991 1475 triumphavit
1027 1432 1112 1458 uno
1148 1416 1330 1456 finaliter
1364 1429 1521 1455 omnes.

544 1487 666 1540 Quod
696 1489 856 1540 quanto
891 1484 1056 1538 gravius
1088 1482 1263 1522 tractari
1299 1481 1456 1530 sentio,
1495 1484 1623 1535 tanto·

543 1553 699 1607 Sponte
733 1551 870 1590 minus
906 1549 1034 1590 subeo
1065 1553 1253 1588 metuens
1287 1546 1554 1586 succumbere
1591 1545 1713 1593 moli,

543 1618 595 1658 Ni
631 1623 724 1666 tua,
760 1615 938 1664 Phoebe,
976 1627 1087 1653 meos
1124 1610 1329 1651 confortet
1364 1611 1501 1664 gratia
1538 1624 1699 1659 sensuS‚

544 1682 603 1721 Te
633 1681 716 1720 scio
751 1686 793 1719 te
827 1679 959 1719 solum
986 1677 1095 1717 novi
1130 1680 1348 1729 penetrare
1384 1676 1552 1729 superni

545 1747 684 1786 Posse*
702 1745 833 1800 patris
868 1745 1038 1793 solium,
1077 1755 1227 1796 supera
1260 1746 1307 1780 tu
1341 1740 1452 1780 solus
1479 1740 1532 1779 ab
1568 1753 1663 1779 arce

546 1811 807 1852 Descendens
842 1810 970 1865 gratis
1006 1808 1184 1862 inspiras
1219 1806 1423 1861 quicquid
1457 1805 1639 1846 habetur

434 1879 516 1919 770
547 1877 791 1918 Pectoribus
826 1882 968 1918 vatum
1006 1889 1079 1931 per
1113 1879 1246 1914 totum
1283 1871 1426 1912 scibile
1457 1872 1676 1912 mundum.
