2395 3251
1251 405 1316 437 126

569 489 646 529 Cui
681 487 913 528 debebatur
940 484 1081 525 culeus
1111 489 1154 524 et
1187 482 1327 532 simia,
1365 481 1533 535 culpam

568 555 660 594 Rex
697 553 789 606 pius
818 551 992 591 indulsit
1021 564 1096 604 pro
1126 549 1259 604 poenis
1294 547 1492 603 praemia,
1525 560 1672 601 pacem

566 618 649 657 Pro
684 617 817 666 bello,
855 616 984 656 vitam
1019 614 1191 668 indigno
1226 628 1301 668 pro
1334 618 1466 652 morte
1501 611 1757 666 rependens,

567 684 681 736 Quin
715 683 842 722 etiam
874 681 1010 722 verbis
1045 680 1245 734 pavidum
1277 679 1435 718 solatur
1468 677 1611 716 amicis
1637 691 1646 716 :

425 748 538 791 1860
577 766 595 787 «
615 749 674 788 Ne
705 762 878 803 paveas,
922 747 1006 786 fido
1041 745 1108 784 fac
1147 743 1294 784 vixeris
1324 742 1473 782 amodo
1509 741 1656 791 corde,

568 830 586 851 »
617 812 889 866 Flagitiisque
925 810 1040 849 novis
1075 822 1141 848 me
1177 821 1262 846 non
1301 807 1540 846 accenderis
1571 807 1616 846 in
1655 811 1713 846 te.

565 895 583 915 »
614 877 786 917 Assistes
817 875 938 915 lateri
973 879 1113 913 nostro
1148 886 1234 912 non
1270 871 1462 919 ultimus,
1496 871 1624 909 immo

565 960 583 980 »
614 943 751 994 Quam
786 942 902 996 prius
942 939 1125 980 extiteris
1166 937 1272 977 mihi
1306 936 1474 976 charior
1504 935 1708 975 efficieris.

565 1023 583 1045 »
612 1007 677 1046 Tu
712 1007 809 1056 tibi,
849 1011 897 1045 tu
936 1018 1082 1044 caveas
1117 1002 1300 1043 recidiva
1333 1001 1427 1040 labe
1462 1001 1596 1040 relabi

563 1089 582 1110 n
611 1072 661 1111 In
692 1073 882 1125 laqueos,
918 1070 1155 1123 similesque
1189 1068 1339 1107 iterum
1372 1073 1539 1121 patrare
1570 1072 1733 1117 reatus,

563 1154 581 1175 »
611 1138 671 1177 Nc
706 1138 784 1177 tibi
815 1137 994 1177 deterius
1025 1135 1153 1190 possit
1188 1134 1449 1187 contingere,
1490 1139 1615 1186 teque

563 1220 582 1241 »
607 1203 834 1257 Indignum
870 1202 1040 1242 omnino
1072 1199 1293 1240 clementia
1323 1203 1465 1236 nostra
1500 1197 1690 1250 repellat.
1715 1213 1732 1233 »

621 1269 689 1307 Sic
719 1269 799 1317 ait,
844 1273 883 1306 et
918 1266 1065 1306 vinclis
1100 1263 1256 1304 servari
1290 1260 1415 1316 jussit
1450 1261 1651 1301 honestis.

565 1331 665 1372 Post
696 1333 884 1371 triduum
918 1334 1014 1369 vero
1050 1330 1165 1381 Rege
1205 1328 1406 1366 existente
1443 1326 1678 1380 Bapalmis,

423 1396 540 1442 1870
570 1396 621 1437 In
655 1397 793 1436 reditu
824 1410 849 1435 a
879 1395 1012 1443 hello,
1046 1393 1126 1433 fuit
1160 1392 1222 1431 illi
1253 1391 1360 1430 forte
1391 1392 1572 1431 relatum

427 2043 537 2101 1380

565 1461 711 1502 Nescio
743 1475 827 1514 quo
858 1463 1070 1512 retegente
1108 1457 1223 1496 dolos
1257 1456 1414 1495 misisse
1446 1456 1626 1494 latenter

565 1526 724 1567 Othoni
755 1525 957 1565 Comitem
988 1528 1081 1578 post
1120 1523 1279 1562 bellum
1308 1534 1476 1574 vespere
1517 1535 1626 1570 sero,

564 1592 621 1632 Et
657 1592 766 1646 Regi
797 1596 839 1631 et
871 1603 1002 1643 regno
1042 1586 1348 1643 praejudicialia
1382 1585 1553 1639 scripta.

563 1657 656 1709 Quo
691 1671 787 1696 mox
824 1659 1060 1707 comperto,
1089 1652 1263 1692 nimiam
1293 1657 1523 1690 commotus
1556 1651 1602 1690 in
1631 1650 1739 1692 iram

564 1720 762 1777 Subjecto
792 1727 951 1760 terrore
991 1732 1111 1757 sonos
1145 1718 1237 1757 Rex
1274 1716 1358 1755 exit
1387 1715 1431 1754 in
1464 1715 1588 1755 istos:

577 1787 681 1826 «Tu
717 1785 964 1838 genitorque
1001 1788 1097 1821 tuus
1137 1781 1322 1834 corrupti
1358 1794 1531 1820 munere
1566 1781 1726 1820 dudum

567 1868 585 1889 »
615 1850 849 1904 Anglorum
884 1847 991 1900 Regi
1021 1846 1202 1885 Henrico
1239 1844 1420 1894 favistis,
1455 1850 1497 1883 et
1526 1845 1572 1884 in
1606 1858 1674 1884 me

568 1932 586 1953 »
616 1914 860 1967 Natalisque
891 1911 966 1951 soli
997 1910 1185 1950 concives
1221 1923 1340 1948 arma
1377 1909 1529 1948 tulistis
1548 1939 1559 1959 ‚

569 1997 586 2017 »
618 1979 700 2031 Qui
730 1979 822 2019 Rex
851 1981 986 2017 vester
1020 1989 1133 2015 eram
1153 2005 1164 2025 ,
1201 1975 1268 2014 cui
1298 1989 1368 2015 vos
1404 1974 1627 2015 feudaliter
1657 1974 1802 2015 ambos

569 2061 585 2082 ι)
616 2044 717 2083 Jure
756 2041 918 2095 ligabat
950 2040 1087 2079 honor
1116 2039 1338 2079 comitatus
1369 2040 1577 2079 militiaris

569 2126 586 2146 »ι
617 2107 798 2161 Cingula
828 2105 902 2160 qui
934 2104 1130 2144 dederam
1161 2105 1239 2144 tibi
1275 2105 1521 2159 primitialia
1548 2103 1687 2160 juris,

570 2190 588 2211 »
617 2173 727 2213 Pace
757 2170 985 2210 reformata
1013 2182 1089 2208 nos
1121 2167 1255 2218 inter,
1291 2175 1433 2223 postea
1471 2170 1586 2222 pacis

572 2256 589 2277 »
619 2238 668 2278 In
700 2235 993 2292 praejudicium
1024 2238 1117 2288 post
1150 2234 1281 2287 patris
1311 2234 1400 2273 fata
1437 2233 1529 2283 tui,
1576 2247 1644 2274 me

571 2321 589 2341 »
618 2302 736 2343 Bello
776 2299 1033 2355 impugnasti
1069 2304 1268 2339 renovato
1307 2300 1424 2352 Rege
1464 2300 1650 2354 parentis

581 2386 599 2407 n
628 2368 842 2409 Richardo
872 2370 965 2420 post
999 2363 1088 2405 fata
1121 2364 1184 2404 sui
1214 2364 1318 2404 mihi
1353 2364 1465 2404 bella
1500 2370 1708 2406 movente.

572 2451 590 2471 n
620 2432 712 2483 Quo
746 2445 843 2471 mox
872 2430 1086 2479 extincto,
1126 2428 1261 2469 factus
1295 2428 1400 2468 mihi
1436 2429 1573 2469 denuo
1608 2429 1766 2470 amicus

572 2515 590 2536 ι»
619 2499 800 2540 Uxorem
832 2497 911 2538 tibi
943 2495 1036 2552 jam
1070 2509 1166 2536 cum
1201 2494 1339 2549 gratia
1372 2499 1516 2535 nostra
1551 2494 1751 2545 dedisset,
