2395 3251
1258 421 1323 452 150

625 499 698 538 His
743 497 864 537 dictis
910 498 1071 552 (neque
1108 498 1221 538 enim
1269 497 1473 539 Comitem
1511 498 1665 538 mutire
1704 498 1862 552 patrati

570 563 747 604 Conscia
785 577 902 603 mens
943 563 1126 613 sceleris,
1169 569 1244 604 aut
1281 564 1532 618 respondere
1573 563 1756 617 sinebat)

569 630 664 670 Mox
703 629 874 669 inclusit
917 643 1013 669 eum
1053 629 1210 670 ferrata
1253 630 1299 669 in
1340 635 1458 669 turre
1504 630 1704 679 Peronae,

429 695 540 737 1920
572 695 850 750 Compedibus
894 695 1081 737 vinctum
1121 695 1318 750 geminis,
1366 694 1646 749 brevibusque
1688 693 1898 743 cathenis,

569 761 817 815 Servarique
846 759 971 816 jubet
1010 761 1144 815 posito
1185 760 1354 801 custode
1393 760 1508 801 fideli

567 826 700 866 Milite
731 826 934 865 sedecimo
956 825 1192 865 ·Guillelmo
1227 826 1516 867 Pruniacensi.

631 890 758 943 Regis
797 896 841 929 at
871 889 1106 944 Anglorum
1139 890 1357 932 Drocensis
1387 891 1517 932 fratre
1556 897 1725 946 recepto

565 954 708 995 Turris
746 954 1000 1006 honoratur,
1039 961 1088 995 ut
1121 957 1233 1011 patri
1267 958 1440 998 reddere
1480 964 1630 999 natum

565 1020 914 1076 Quandocunque
949 1036 1022 1062 suo
1056 1023 1200 1077 cupiat
1232 1037 1308 1078 pro
1342 1023 1471 1064 fratre
1504 1024 1745 1073 Johannes,

566 1086 747 1126 Nanneti
784 1086 943 1127 insidiis
974 1101 1100 1141 quem
1139 1088 1493 1139 circumvenerat,
1532 1094 1574 1128 et
1612 1102 1708 1129 mox

564 1150 671 1191 Cum
702 1151 820 1191 sociis
854 1152 1042 1192 vinctum
1076 1153 1140 1192 bis
1174 1154 1281 1194 senis
1315 1160 1432 1194 trans
1462 1168 1578 1194 mare
1616 1153 1817 1203 mittens,

564 1215 661 1256 Jam
702 1217 956 1257 custodierat
995 1218 1040 1258 in
1079 1232 1245 1258 carcere
1283 1224 1470 1274 tempore
1509 1220 1657 1260 multo.

566 1280 655 1320 Hoc
685 1287 828 1322 tamen
858 1283 929 1322 ille
958 1283 1031 1323 diu
1066 1284 1292 1324 concedere
1323 1285 1484 1324 distulit
1502 1315 1514 1335 ,
1545 1290 1594 1324 ut
1627 1284 1701 1338 qui

426 1347 537 1387 1950
568 1347 738 1401 Semper
771 1354 862 1388 erat
896 1363 992 1389 cum
1025 1349 1154 1389 fratre
1184 1364 1303 1390 suum
1337 1364 1467 1403 genus
1503 1363 1626 1389 omne
1661 1362 1852 1403 perosus,

567 1411 849 1466 Egregiosque
888 1413 1063 1467 indigna
1097 1414 1187 1468 pati
1221 1414 1405 1454 malebat
1438 1415 1619 1469 ephebos
1637 1444 1649 1464 ,

551 1475 696 1520 ‘Exeat
729 1491 754 1516 a
789 1477 921 1531 poenis
956 1492 1085 1531 quam
1120 1484 1398 1520 commutatus
1436 1485 1630 1534 uterque.

622 1540 699 1581 Ast
732 1542 835 1582 alios
871 1542 1076 1594 Comites,
1115 1543 1378 1599 Waphalum
1418 1558 1514 1585 cum
1551 1544 1837 1585 Roderodensi

561 1605 1032 1662 Tynqueneburgenum
1068 1608 1298 1659 Othonem,
1337 1609 1628 1664 Comitemque
1669 1609 1855 1651 Pilosum
1874 1638 1885 1659 ,

561 1670 853 1726 Ingenuosque
888 1673 1020 1724 viros,
1063 1688 1276 1728 proceres,
1310 1675 1554 1729 equitesque
1588 1674 1761 1714 minoris

561 1735 749 1776 Nominis
789 1737 1030 1778 innumeros
1065 1739 1227 1779 diversa
1264 1753 1339 1793 per
1377 1740 1533 1793 oppida
1567 1739 1707 1792 Regni

560 1799 724 1841 Servari
755 1803 930 1843 mandat
965 1804 1055 1844 Rex
1089 1804 1143 1843 ob
1180 1805 1429 1845 commercia
1467 1819 1612 1845 census
1630 1834 1641 1854 ,

561 1864 736 1920 Propria
765 1872 891 1920 prout
924 1868 1073 1907 redimi
1107 1869 1218 1908 sinat
1247 1883 1591 1924 unumquemque
1626 1868 1832 1910 facultas:

560 1930 755 1985 Largiter
785 1932 1008 1987 indulgens
1039 1934 1244 1988 quicquid
1279 1941 1457 1985 natura,
1493 1936 1558 1975 vel
1590 1948 1710 1984 usuS‚

419 1994 531 2035 1940
562 1996 823 2038 Nobiliumve
858 2005 974 2053 petat
1009 1999 1087 2039 sibi
1128 1998 1382 2039 consuetudo
1415 1998 1598 2038 virorum
1618 2028 1629 2048 ,

559 2060 684 2101 Nulla
723 2069 770 2102 ut
805 2064 990 2117 personis
1018 2065 1083 2104 vel
1112 2064 1263 2104 honori
1298 2061 1456 2118 injuria
1485 2064 1575 2103 fiat.

616 2125 672 2165 At
704 2126 942 2168 Ferrandus
978 2129 1095 2182 equis
1126 2134 1290 2168 evectus
1325 2128 1431 2168 forte
1466 2128 1628 2168 duobus

558 2190 726 2230 Lectica
766 2192 922 2246 duplici
958 2192 1156 2233 themone
1189 2193 1436 2233 vehentibus
1474 2193 1643 2246 ipsum,

556 2254 731 2294 Nomine
766 2270 870 2310 quos
904 2257 965 2296 illi
1001 2258 1115 2297 color
1148 2257 1438 2311 aequivocabat
1457 2288 1468 2307 ,
1501 2263 1549 2297 ut
1583 2263 1687 2298 esset

556 2318 713 2359 Nomen
748 2320 859 2360 idem
898 2321 1068 2361 Comitis
1102 2328 1144 2362 et
1178 2336 1404 2376 equorum,
1445 2322 1670 2363 Parisianis

556 2383 724 2425 Civibus
759 2386 928 2426 offertur
966 2387 1148 2441 Luparae
1187 2387 1443 2427 claudendus
1473 2387 1517 2427 in
1554 2402 1679 2428 arce:

560 2447 687 2502 Cujus
722 2450 765 2489 in
802 2451 983 2490 adventu
1019 2452 1161 2492 Clerus
1201 2453 1463 2507 populusque
1502 2454 1740 2508 trophaeum

560 2509 761 2552 Cantibus
790 2513 1046 2568 hymnisonis
1080 2517 1187 2570 Regi
1222 2518 1404 2558 solemne
1443 2515 1689 2560 canebantj
