2395 3251
1273 389 1315 421 28

546 475 688 517 Noluit
720 473 791 512 ille
829 477 971 512 tamen
1005 471 1150 512 villam
1181 467 1378 523 spoliare,
1418 465 1489 506 sed
1517 466 1634 506 illam

544 541 661 581 Sicut
694 544 785 579 erat
820 537 988 577 domino
1023 535 1233 576 Ludovico
1269 532 1389 573 cessit
1420 531 1676 571 habendam.

430 607 512 646 570
601 605 704 645 Inde
738 616 906 643 movens
940 603 1093 642 iterum
1131 599 1269 640 elassis
1295 598 1397 652 legit
1432 597 1611 651 aequoris
1645 595 1779 636 undas
1794 626 1806 644 ,

544 669 667 722 Quod
700 668 975 709 Bloetinorum
1011 665 1238 706 candentia
1272 664 1414 703 littora
1444 663 1614 713 lambit,

544 734 722 788 Quaque
752 746 1000 772 marescosos
1030 730 1216 770 extendit
1249 728 1451 768 Flandria
1481 741 1648 782 campos
1667 758 1678 777 ‚

544 800 600 840 Et
631 813 716 852 qua
751 798 1000 851 bellipotens
1036 795 1174 834 media
1207 793 1318 833 inter
1351 795 1499 849 praelia
1532 800 1688 833 terram

546 864 689 904 Sulcat
719 861 977 914 Ysangrinus
1013 859 1152 913 gladio
1187 858 1374 900 munitus
1410 865 1451 898 et
1485 859 1631 908 hasta,

544 928 640 979 Qua
677 926 737 966 sol
771 926 936 965 Furnus
971 930 1064 964 arat
1091 923 1245 963 finibus
1280 924 1418 963 vicina
1451 923 1652 973 marinis,

546 992 725 1046 Quaque
764 990 951 1030 ruinosos
987 988 1168 1028 ostendit
1202 987 1332 1041 Belga
1366 994 1562 1042 penates,

548 1057 860 1109 Semirutasque
894 1055 1035 1095 domos
1070 1053 1188 1108 regni
1223 1053 1482 1093 monimenta
1517 1053 1688 1102 vetusti,

546 1121 721 1162 Nervius
753 1120 1006 1174 armipotens
1040 1118 1113 1158 ubi
1143 1118 1255 1157 bella
1290 1117 1526 1172 frequentia
1557 1118 1706 1171 gessit,

547 1186 681 1238 Quem
716 1198 935 1239 nunquam
971 1183 1050 1223 sibi
1083 1182 1304 1237 praevaluit
1338 1183 1532 1223 Romana
1567 1187 1748 1237 potestas

436 1252 519 1293 580
551 1250 765 1307 Subjicere
799 1249 996 1298 omnino,
1033 1247 1207 1287 certisve
1236 1247 1367 1301 ligare
1397 1248 1588 1298 tributis,

548 1317 679 1370 Belga
711 1313 993 1355 Covinnorum
1027 1312 1200 1352 Lucano
1234 1317 1339 1351 teste
1369 1319 1578 1367 repertor,

550 1380 682 1434 Belga
715 1385 865 1434 potens
896 1378 1044 1432 opibus
1053 1408 1065 1428 ,
1105 1376 1254 1426 armis,
1292 1383 1334 1417 et
1368 1379 1549 1429 viribus,
1590 1379 1690 1418 olim

550 1445 753 1486 Romanis
787 1443 907 1484 valde
938 1442 1148 1491 infensus,
1186 1447 1391 1497 tantaque
1425 1458 1500 1498 per
1530 1444 1673 1484 orbem

550 1509 696 1549 Laude
730 1508 987 1556 celebratur,
1026 1506 1141 1560 quod
1175 1506 1229 1545 ab
1261 1506 1334 1546 illo
1369 1507 1507 1548 Gallia
1537 1509 1720 1562 priscum

549 1573 720 1628 Belgica
753 1586 907 1612 nomen
936 1571 1088 1621 habet,
1126 1571 1245 1624 regni
1280 1586 1376 1626 pars
1410 1574 1536 1614 tertia
1572 1573 1698 1613 Galli.

547 1640 658 1679 Hinc
694 1652 863 1692 quoque
897 1637 1132 1690 digrediens
1161 1636 1267 1675 flatu
1298 1639 1497 1691 propulsa
1532 1638 1712 1678 secundo

551 1703 727 1742 Portum
759 1702 860 1741 laeta
887 1700 1000 1740 subit
1035 1714 1060 1740 a
1095 1700 1249 1739 damno
1284 1714 1437 1741 nomen
1476 1702 1726 1750 habentem,

552 1767 636 1819 Qui
669 1773 758 1807 tam
793 1767 903 1806 latus
933 1771 1046 1817 erat,
1084 1771 1301 1820 tantaeque
1338 1768 1489 1821 quietis
1510 1798 1520 1817 ‚
1560 1773 1608 1807 ut
1643 1779 1785 1806 omnes

551 1833 603 1873 In
634 1847 675 1872 se
705 1832 884 1872 sufficiat
913 1837 1075 1871 nostras
1111 1831 1360 1871 concludere
1394 1846 1517 1873 naves
1535 1863 1546 1882 ‚

439 1900 522 1940 590
553 1898 646 1951 Quo
680 1899 800 1939 valde
834 1898 1040 1953 speciosus
1072 1903 1163 1938 erat
1191 1897 1298 1937 Dam
1328 1899 1496 1938 nomine
1531 1899 1647 1939 vicus

551 1963 753 2004 Lenifluis
777 1962 988 2019 jocundus
1024 1963 1144 2017 aquis
1176 1968 1304 2017 atque
1338 1963 1466 2003 ubere
1503 1963 1637 2018 glebae
1648 1994 1659 2014 ,

553 2027 825 2068 Proximitate
854 2028 982 2068 maris
1013 2033 1222 2082 portuque
1253 2028 1418 2082 situque
1453 2028 1669 2083 superbus·

611 2093 691 2132 Hic
720 2093 938 2133 Savaricus
973 2106 1072 2147 opes
1102 2092 1264 2131 cunctis
1294 2093 1316 2132 e
1351 2093 1541 2147 partibus
1571 2093 1685 2132 orbis.

555 2158 729 2212 Navigio
761 2158 953 2199 advectas
993 2172 1118 2212 supra
1153 2171 1267 2211 spem
1300 2157 1484 2211 repperit
1518 2170 1683 2196 omnem
1701 2187 1711 2206 ,

557 2222 707 2263 Infecti
742 2223 906 2276 argenti
946 2237 1100 2263 massas
1115 2254 1126 2273 ,
1166 2222 1369 2276 rubeique
1400 2221 1583 2271 metalli,

561 2287 751 2328 Stamina
779 2287 1026 2327 Phaenicum
1042 2318 1052 2337 ‚
1086 2287 1253 2336 Serum,
1297 2286 1599 2340 Cicladumque
1635 2286 1822 2336 labores,

559 2351 615 2391 Et
647 2366 751 2405 quas
785 2351 869 2392 huc
898 2352 1029 2392 mittit
1058 2352 1193 2392 varias
1229 2351 1446 2405 Hungaria
1479 2352 1632 2405 pelles,

562 2415 788 2470 Granaque
817 2431 916 2458 vera
948 2418 1100 2472 quibus
1135 2417 1289 2471 gaudet
1323 2416 1516 2470 squalata
1550 2416 1699 2457 rubere
1717 2448 1728 2466 ,

563 2479 667 2522 Cum
702 2483 863 2523 ratibus
897 2482 994 2522 vino
1029 2482 1186 2536 plenis,
1224 2481 1431 2521 Vasconia
1465 2483 1592 2536 quale
