2395 3251
1244 368 1286 400 20

515 450 763 504 Cunctaque
795 448 1002 498 restituit,
1041 459 1137 500 quae
1176 445 1269 486 Rex
1305 445 1522 500 repetebat
1556 445 1610 486 ab
1644 445 1741 496 illo,

515 515 656 569 thue
695 529 769 554 suo
805 512 973 554 domino
1008 510 1089 551 fuit
1127 525 1177 551 ex
1209 516 1312 551 tunc
1351 512 1540 552 subditus
1578 512 1657 552 illi.

514 580 624 620 Pace
662 579 891 620 reformata
925 577 1103 617 redeunt
1138 576 1193 616 ad
1228 577 1400 631 propria
1434 577 1545 627 laeti,

514 644 592 684 Ille
625 643 740 698 quod
778 641 962 682 obtinuit
996 640 1094 681 fisco
1128 657 1204 683 sua
1239 643 1399 696 praedia
1438 643 1580 692 reddi,

515 709 554 749 Is
593 709 695 764 quia
729 708 895 749 restitui
929 707 1082 746 meruit
1116 709 1195 748 sibi
1230 708 1356 762 Regis
1397 721 1582 748 amorem

514 773 809 827 Amissumque
848 773 921 812 diu
959 772 1117 825 placita
1151 786 1247 811 cum
1282 787 1385 826 pace
1421 772 1623 812 favorem,

402 839 487 880 260
516 839 600 879 Nec
639 839 842 889 damnum
878 841 1070 890 reputat,
1114 836 1188 876 ubi
1222 850 1320 890 quae
1358 850 1444 876 non
1479 841 1577 875 sunt
1614 849 1689 876 sua
1723 835 1877 889 perdit.

515 904 583 944 Sic
617 903 732 956 regio
773 916 859 956 qua
893 902 981 942 lata
1017 906 1134 955 patet
1168 899 1436 941 Viromanica
1469 905 1560 939 tota

515 968 810 1009 Ambianensis
848 967 1001 1006 humus
1038 966 1198 1020 pariter
1231 980 1328 1005 cum
1363 965 1643 1015 Santeriensi,

513 1033 718 1075 Ubertate
757 1033 832 1072 soli
871 1031 979 1086 Regi
1019 1044 1176 1071 cessere
1209 1030 1421 1085 Philippo.

401 1184 2069 1213 wwwwmwwwvwvwmwwwwwmmwwwwwmmmwmwwwmwvwxwvwvwmvwxwkuwxxummvxw
2072 1183 2135 1203 um

768 1310 938 1342 Damnum
970 1308 1060 1340 Dam
1088 1308 1189 1351 insert
1222 1309 1334 1344 classi,
1369 1313 1514 1349 totusque
1542 1310 1709 1339 crematur

772 1361 855 1394 Cum
879 1365 1005 1404 reqz'one
1037 1363 1138 1397 locus,
1171 1360 1343 1391 Ferrandz‘
1367 1361 1584 1401 proditionem

769 1415 936 1446 Flandrz'a
961 1419 1024 1445 tola
1052 1414 1130 1450 luit,
1164 1413 1374 1444 Francorum
1396 1413 1530 1453 perdica
1555 1412 1660 1454 ferro.

769 1465 835 1499 Sed
858 1467 1077 1497 miserabilius
1105 1469 1197 1507 perit
1228 1466 1376 1497 omnibus
1407 1465 1523 1496 Insula
1553 1466 1677 1507 fallax,

773 1520 808 1552 T
805 1531 961 1551 ornacum
993 1519 1028 1551 F
1027 1520 1141 1551 landrz'
1171 1525 1288 1561 septem
1320 1517 1451 1549 tenuere
1483 1518 1608 1549 diebus.

528 1794 1841 1808 ····························

635 1831 874 1872 Ferrandus
909 1837 1000 1871 erat
1039 1832 1247 1887 Hispanus
1287 1837 1434 1886 gente,
1472 1843 1685 1884 neposque

524 1898 681 1937 Nobilis
716 1897 827 1936 illius
863 1896 1079 1937 Mathildis
1112 1898 1431 1952 Portigalensis‚

527 1962 631 2013 Quae
669 1968 760 2001 sata
793 1962 909 2015 Rege
944 1961 1024 2001 fuit
1059 1962 1210 2002 Comiti
1242 1968 1439 2017 sponsata
1473 1960 1696 2014 Philippo,

526 2027 609 2078 Qui
648 2041 744 2066 cum
779 2027 895 2081 prole
931 2041 1076 2067 carens
1116 2026 1313 2067 Achai-on
1348 2031 1579 2067 moreretur
1609 2025 1654 2064 in
1690 2024 1792 2064 urbe
1811 2054 1822 2073 ,

526 2091 755 2131 Baldoinus
789 2091 828 2130 ei
862 2092 1079 2142 successit,
1124 2105 1251 2145 quem
1286 2106 1401 2131 soror
1440 2090 1528 2146 ejus

525 2156 854 2210 Hennuviusque
889 2156 1034 2196 Comes
1067 2157 1129 2196 illi
1165 2171 1347 2210 genuere
1382 2162 1601 2210 nepotem,

413 2223 497 2263 ⁶270
526 2222 704 2275 Reginae
737 2221 955 2261 Elisabeth
994 2220 1191 2271 fratrem,
1231 2222 1304 2275 qui
1341 2227 1485 2276 postea
1518 2221 1625 2276 Regi

527 2288 645 2328 Bella
684 2301 874 2337 movens,
913 2287 1060 2342 Regno
1097 2287 1243 2338 exivit,
1287 2286 1506 2340 factusque
1542 2285 1785 2326 Monafoha„

527 2352 756 2405 Imperium
789 2353 927 2392 tenuit
965 2351 1211 2392 Graecorum
1249 2358 1436 2407 tempore
1470 2353 1602 2392 inulto
1621 2384 1630 2401 ‚

529 2414 678 2454 Postea
711 2429 836 2469 quem
875 2417 1057 2456 Tracum
1091 2416 1185 2456 Dux
1219 2416 1429 2456 interfecit
1464 2416 1634 2456 ibidem.

529 2480 606 2521 Cui
641 2495 736 2521 cum
771 2494 848 2520 nec
881 2482 1017 2534 proles
1050 2482 1138 2521 ulla
1174 2487 1280 2521 esset
1318 2481 1530 2530 mascula,
1575 2486 1687 2521 natae
