2395 3251
441 706 495 745 80

443 1424 499 1461 90

1301 363 1320 393 8

558 442 670 482 Dum
708 454 784 495 pro
818 439 1030 484 Ferrando
1066 452 1143 478 sua
1173 439 1329 478 moenia
1363 452 1480 479 versa
1507 445 1673 493 recepto
1691 470 1703 488 ,

556 506 831 560 Turritasque
866 505 1010 544 domos
1040 503 1235 544 viderunt
1274 504 1547 554 incineratas,

555 573 691 626 Seque
722 571 838 625 capi,
878 570 1113 625 perimique
1148 570 1273 609 simul
1308 570 1385 609 sub
1425 570 1558 610 milite
1592 569 1753 609 franco.

555 637 641 678 Nec
671 637 809 676 minus
849 641 891 675 et
928 636 1063 675 sancti
1097 636 1276 690 populus
1306 640 1524 676 venerator
1565 634 1735 674 Homeri

555 704 606 744 In
637 703 809 744 Comitis
844 708 983 757 partes
1012 702 1181 758 juratus
1221 701 1355 741 millia
1383 700 1517 740 multa

556 769 687 809 Mittit
721 769 758 808 ei
784 767 958 823 juvenes
990 768 1104 806 elara
1139 767 1292 806 virtute
1327 781 1538 817 coruscos,

557 836 663 876 Cum
698 834 851 889 quibus
882 833 1116 883 Hedinum,
1160 831 1435 886 Gravelinga,
1469 831 1692 886 Bapalma,
1731 830 1921 871 Duacum

553 902 676 941 Dives
711 905 753 938 et
783 899 1057 953 armipotens,
1091 903 1132 937 et
1162 898 1274 937 claro
1305 898 1392 938 cive
1431 897 1654 947 refertum,

555 967 786 1020 Indignata
820 965 914 1019 capi
951 978 1124 1004 numero
1161 964 1266 1004 dant
1298 963 1469 1017 agmina
1509 962 1642 1002 bellis.

613 1032 693 1071 Sed
728 1044 805 1070 nec
841 1030 1097 1083 Ysangrinos
1133 1044 1229 1069 cum
1264 1029 1424 1084 Belgis,
1465 1035 1508 1069 et
1542 1028 1755 1068 Bloetinos

555 1097 667 1137 Rixa
707 1100 870 1136 vetusta
905 1101 1043 1145 tenet,
1082 1095 1355 1148 intestinique
1384 1095 1543 1135 furores

556 1163 608 1202 Se
645 1161 796 1216 quihus
832 1161 1054 1211 infestant,
1095 1161 1420 1214 alternatimque
1452 1160 1673 1199 lacessunt.

556 1227 671 1279 Quin
701 1225 847 1281 jurata
887 1232 1015 1265 ruant
1045 1226 1090 1265 in
1127 1226 1295 1280 praelia,
1338 1225 1676 1278 francigenisque

556 1292 667 1333 Dum
707 1297 920 1346 pugnant,
959 1297 1114 1332 veteres
1144 1290 1267 1347 juvat
1301 1290 1575 1331 intermittere
1611 1302 1789 1343 pugnas.

617 1420 729 1472 Quid
760 1433 899 1459 moror
933 1419 1026 1458 haec
1061 1418 1242 1459 referens
1278 1435 1352 1474 per
1383 1418 1576 1475 singula?
1617 1420 1818 1460 Flandria
1858 1424 1947 1459 tota

559 1486 680 1527 Ultro
721 1485 941 1537 belligeros
976 1485 1022 1523 in
1052 1485 1200 1538 praelia
1239 1486 1373 1526 trudit
1403 1488 1616 1537 alumnos,

558 1551 713 1604 Utpote
754 1549 828 1603 qui
859 1548 1041 1588 Francos
1075 1549 1198 1588 odere
1227 1549 1425 1603 latenter,
1465 1559 1507 1592 et
1547 1553 1654 1607 ipsos

559 1615 745 1655 Infensos
780 1614 888 1667 Regi
923 1613 1096 1653 Comitis
1137 1629 1246 1654 nova
1279 1616 1434 1658 fecerat
1470 1620 1546 1658 ira.

559 1681 760 1722 Flandria
796 1694 895 1733 gens
927 1679 1075 1733 opibus
1110 1681 1233 1719 variis
1269 1688 1310 1720 et
1343 1684 1466 1723 rebus
1507 1683 1748 1731 abundans,

561 1746 672 1786 Gens
707 1745 914 1784 intestinis
948 1744 1114 1784 sibimet
1149 1745 1349 1786 damnosa
1379 1748 1510 1787 ruinis
1529 1780 1539 1797 ,

561 1813 696 1852 Parca
727 1811 851 1860 cibis,
892 1809 1026 1850 facilis
1062 1825 1240 1865 expensa
1260 1843 1270 1860 ,
1314 1813 1450 1853 sobria
1491 1819 1614 1867 potu,

562 1878 687 1917 Veste
723 1877 883 1923 nitens,
917 1876 1114 1915 membris
1149 1890 1341 1930 procera,
1378 1884 1552 1918 venusta
1588 1878 1758 1925 decore,

564 1944 791 1998 Splendida
826 1943 1014 1992 caesarie,
1048 1943 1167 1982 vultu
1206 1942 1352 1994 rubra,
1387 1943 1567 1982 candida
1602 1956 1726 1982 carne
1747 1973 1756 1990 ‚

563 2008 800 2048 Innumeris
836 2008 1001 2062 piscosa
1034 2007 1170 2056 vadis,
1204 2013 1246 2046 et
1280 2007 1455 2048 flumine
1490 2008 1622 2047 multo

453 2077 535 2115 ²100
569 2073 832 2126 Fossatisque
867 2073 954 2112 vias
989 2073 1049 2111 ita
1085 2072 1461 2126 praepedientibus,
1496 2078 1544 2112 ut
1575 2074 1641 2112 vix

566 2139 766 2179 Introitus
802 2143 968 2192 pateat,
1007 2137 1268 2177 venientibus
1307 2137 1514 2185 hostibus,
1554 2143 1669 2176 extra

566 2206 677 2245 Tuta
712 2205 830 2254 satis,
866 2205 898 2243 si
939 2204 1051 2243 bella
1082 2203 1159 2243 sibi
1190 2203 1327 2243 civilia
1362 2203 1512 2242 desint.

566 2272 795 2310 Frumento
831 2284 961 2324 quam
995 2270 1103 2309 ditat
1139 2283 1260 2323 ager,
1299 2268 1466 2308 navalia
1505 2281 1688 2316 merces

566 2336 694 2375 Lacte
731 2349 876 2389 pecus,
916 2335 1077 2390 butyris
1108 2340 1367 2383 armentum,
1402 2333 1582 2387 piscibus
1614 2346 1782 2386 oequor,

571 2400 699 2438 Arida
739 2400 862 2453 gleba
894 2400 984 2439 foco
1019 2400 1135 2439 siccis
1170 2400 1301 2439 ineisa
1340 2398 1545 2438 marescis.

573 2466 695 2506 Raris
730 2466 852 2520 Sylva
882 2467 980 2507 locis
1021 2466 1121 2506 facit
1156 2466 1371 2516 umbram,
1412 2464 1533 2505 vinea
1569 2477 1775 2516 nusquam
