2395 3251
441 977 525 1018 850

441 1631 528 1672 840

439 2286 525 2326 850

1291 374 1334 406 58

560 475 579 494 »
610 453 797 509 Protegit
831 459 872 492 et
906 453 1022 508 vigili
1058 451 1247 492 defendit
1280 451 1406 492 corde
1439 450 1679 507 Philippus,

556 539 573 558 »
607 520 694 561 Aut
727 520 985 572 occidamus,
1027 525 1102 560 aut
1136 519 1401 573 deportemus
1435 523 1600 572 oportet
1617 549 1629 568 ‚

557 603 575 624 »
605 586 673 626 Sic
704 591 847 626 tamen
881 592 929 626 ut
963 585 1088 641 pauci
1122 589 1346 634 maneant,
1384 583 1537 638 quibus
1571 589 1690 624 arcta
1723 583 1900 624 facultas

556 670 575 690 »
605 653 668 694 Sit
702 653 821 703 satis,
859 653 1005 694 oblata
1032 650 1325 693 tantummodo
1360 649 1435 704 qui
1469 650 1575 705 stipe
1609 649 1768 691 vivant.

615 801 633 822 »
668 784 799 825 villas
835 791 876 825 et
909 785 1090 825 decimas
1127 781 1305 839 majores
1339 782 1457 823 miles
1490 782 1645 823 habeto
1660 814 1669 832 ,

556 867 574 887 »
604 850 659 890 Et
693 851 846 905 quibus
880 857 942 891 est
976 865 1090 891 curae
1124 848 1380 904 respublica,
1420 848 1495 902 qui
1530 847 1729 902 populos,
1772 846 1846 901 qui

558 932 575 951 »
605 914 839 970 Pugnando
874 915 1038 957 faciunt
1073 916 1117 956 in
1152 929 1256 970 pace
1291 915 1506 969 quiescere
1541 915 1718 954 clerum.

557 996 574 1016 »
603 979 682 1019 Illo
718 981 875 1035 quippe
912 981 1001 1031 die,
1044 995 1129 1036 quo
1167 995 1233 1020 me
1268 980 1504 1021 diademate
1539 980 1722 1035 primum

557 1061 574 1082 »
605 1043 808 1086 Reddidit
842 1046 1048 1101 insignem
1081 1046 1257 1087 Patrum
1294 1045 1418 1086 Pater
1452 1045 1683 1101 imperiali,

555 1127 573 1147 »
603 1111 724 1151 Hanc
754 1113 1016 1167 promulgavi
1052 1113 1185 1167 legem
1200 1144 1210 1162 ,
1248 1112 1295 1152 in
1327 1112 1575 1167 scriptisque
1609 1109 1824 1151 redactam

556 1192 573 1212 »
603 1169 713 1216 Jussi
742 1191 818 1231 per
848 1183 984 1218 totum
1019 1178 1173 1219 servari
1208 1177 1386 1218 firmiter
1420 1178 1587 1227 orbem,

555 1257 573 1276 ι)
602 1240 799 1281 Ecclesiae
835 1242 1017 1283 decimas
1050 1243 1277 1297 oblataque
1313 1257 1491 1283 munera
1517 1241 1685 1283 tantum

556 1322 574 1341 »
604 1304 871 1356 Possideant,
910 1307 1029 1348 villas
1063 1308 1184 1348 nobis
1218 1313 1261 1348 et
1293 1310 1454 1363 praedia
1487 1310 1710 1364 linquant,

555 1386 574 1406 »
604 1369 729 1411 Vivat
763 1377 812 1411 ut
846 1371 949 1411 hinc
983 1372 1181 1427 populuS,
1219 1371 1461 1428 habeatque
1494 1373 1704 1428 stipendia
1738 1371 1871 1412 miles.

612 1452 630 1471 υ
662 1435 783 1475 Nunc
819 1437 922 1490 quia
956 1436 1049 1490 lege
1083 1435 1188 1476 mihi
1223 1436 1358 1478 clerus
1392 1452 1477 1478 non
1513 1433 1637 1492 paret
1671 1437 1715 1476 in
1750 1437 1854 1486 ista,

555 1518 573 1537 »
604 1501 752 1541 Nonne
787 1515 962 1555 gravare
996 1498 1199 1541 manum?
1234 1503 1442 1557 numquid
1477 1516 1562 1542 non
1596 1501 1726 1542 debeo
1761 1514 1933 1556 magnas

557 1583 574 1602 »
606 1565 711 1606 Cum
746 1567 854 1607 villis
889 1567 1072 1607 decimas
1100 1567 1163 1607 illi
1197 1566 1362 1607 auferre
1398 1563 1601 1609 licenter?

560 1649 578 1668 »
607 1632 822 1685 Numquid
857 1646 943 1671 non
979 1644 1145 1686 possum
1181 1633 1316 1686 legem
1351 1633 1631 1686 superaddere
1665 1629 1780 1686 legi?

558 1714 574 1733 »
604 1696 771 1736 Tuditae
807 1695 946 1736 Caroli
980 1697 1099 1736 villas
1135 1696 1211 1750 qui
1244 1696 1382 1735 noluit
1416 1696 1497 1736 illis

556 1780 575 1800 »
604 1762 788 1811 Tollere,
828 1762 860 1801 si
896 1762 1076 1802 decimas
1104 1761 1204 1816 ipsis
1239 1761 1338 1802 tulit
1371 1761 1464 1810 ille,
1504 1760 1608 1802 mihi
1645 1775 1730 1802 non

557 1846 575 1865 »
607 1827 738 1867 villas
772 1841 868 1866 cum
904 1827 1074 1867 decimis
1107 1825 1272 1867 auferre
1306 1827 1449 1867 licebit
1483 1824 1667 1868 eisdem?

555 1910 574 1930 »
604 1892 792 1933 Condere
828 1893 901 1946 qui
939 1905 1106 1946 possum
1142 1891 1253 1945 leges
1288 1897 1331 1932 et
1358 1891 1458 1948 jura
1494 1907 1671 1942 novare,

556 1976 573 1995 »
604 1957 831 2012 Imperium
865 1958 973 1997 solus
1009 1963 1132 1997 teneo
1167 1957 1241 2011 qui
1275 1959 1402 1998 totius
1437 1959 1567 2009 orbis,

555 2041 572 2060 n
602 2023 749 2063 Nonne
787 2024 884 2063 licet
918 2024 1038 2064 nobis
1071 2023 1154 2064 hac
1188 2022 1356 2064 Clerum
1390 2024 1481 2078 lege
1514 2024 1668 2079 ligare,

556 2107 573 2126 η
604 2088 746 2129 Rebus
781 2095 828 2128 ut
864 2089 1014 2129 oblatis
1048 2090 1257 2138 contenti,
1293 2090 1594 2144 primitiisque,

555 2173 572 2192 »
602 2155 698 2195 Jam
735 2155 898 2196 discant
933 2156 1111 2195 humiles
1146 2156 1277 2209 magis
1310 2169 1415 2204 esse,
1454 2155 1676 2209 minusque
1711 2154 1914 2209 superbi3

555 2238 572 2257 »
603 2220 740 2272 Quam
776 2222 927 2270 satius,
969 2235 1098 2275 quam
1136 2221 1390 2261 commodius
1427 2234 1492 2259 me
1521 2219 1622 2276 jura
1658 2225 1839 2260 novante

556 2304 572 2323 »
601 2287 782 2342 Impiger
815 2287 907 2327 haec
941 2294 1029 2327 tam
1064 2288 1178 2327 culta
1211 2286 1377 2328 novalia
1409 2286 1527 2325 miles
1562 2277 1774 2326 habebit?

556 2368 573 2387 »
604 2351 656 2390 Et
690 2353 807 2392 villas
842 2359 905 2392 tot
940 2353 1098 2393 deliciis
1134 2353 1366 2407 opibusque
1400 2351 1598 2401 fluentes,

557 2432 573 2450 »
602 2415 738 2467 Quam
774 2431 902 2470 genus
938 2418 1019 2457 hoc
1054 2419 1243 2472 pigrum,
1282 2417 1420 2470 fruges
1455 2430 1695 2457 consumere
1730 2422 1902 2468 natum,

558 2496 575 2515 »
605 2477 703 2520 Otia
736 2481 848 2534 quod
883 2478 1017 2530 ducit,
1056 2485 1166 2522 tecto
1202 2493 1285 2535 quo
1319 2489 1501 2532 marcet,
1540 2489 1581 2523 et
1616 2481 1767 2523 umbra
