2395 3251
1266 465 1331 497 158

442 554 455 568 n
473 543 535 572 Rex
559 552 631 572 vero
655 542 807 571 sohannes
832 551 895 571 non
919 541 1093 581 intelligens
1118 541 1201 570 Petri
1235 542 1445 582 prophetiam,
1478 542 1569 581 jussit
1601 542 1749 572 eumdem·
1768 542 1891 572 Petrum
1916 552 1987 573 cum
2012 543 2077 573 filio
2106 553 2161 574 suo

440 603 454 616 ι»
470 592 581 629 injuste
606 591 750 630 suspendi
775 591 955 630 patibulo.»
979 585 985 587 ”

479 640 519 667 Le
542 640 589 668 roi
613 641 699 676 Jean,
716 649 772 678 par
798 640 826 668 le
853 644 973 668 contrat
998 639 1073 679 qu'il
1097 638 1147 676 fit,
1175 649 1239 668 non
1254 639 1422 668 seulement
1436 639 1548 668 soumit
1572 638 1790 678 l'Angleterre‚
1816 648 1934 667 comme
1960 648 2004 667 un
2027 637 2096 674 fies,
2119 648 2159 668 au

437 688 598 717 souverain
613 688 743 724 Pontife‚
756 689 832 718 mais
855 689 997 728 s'obligea
1025 699 1137 718 encore
1153 689 1170 717 a
1190 699 1284 727 payer
1299 687 1526 716 annuellement
1540 697 1583 716 un
1598 688 1694 716 tribut
1717 687 1756 716 de
1776 687 1860 715 mille
1882 696 1981 715 mares
2003 686 2157 725 d'argent‚

439 739 505 773 sept
525 740 609 764 cents
627 746 707 775 pour
720 736 924 774 l’Angleterre
945 742 975 766 et
990 737 1063 765 trois
1084 741 1168 765 cents
1182 746 1261 775 pour
1276 736 1428 765 l'lrlande.
1445 737 1487 764 On
1503 740 1576 774 peut
1590 736 1657 765 voir
1672 736 1701 764 la
1715 735 1846 764 soi-mule
1860 734 1898 763 de
1913 734 2095 763 soumission
2116 734 2160 764 du

435 783 484 812 roi
510 785 586 814 Jean
613 785 688 814 dans
714 785 848 814 Mathieu
876 785 980 822 Paris,
1008 795 1086 824 page
1113 785 1192 821 227,
1220 784 1295 813 dans
1321 783 1455 812 Mathieu
1482 783 1521 813 de
1550 784 1775 820 Westminster,
1801 792 1879 822 page
1909 783 1986 818 272,
2019 786 2050 811 et
2083 781 2159 811 dans

436 830 588 869 plusieurs
614 838 716 862 autres
742 833 917 862 historiens

475 904 548 932 Vns
571 905 643 934 364.
676 905 781 934 Classis
806 907 909 944 prima
938 905 1021 944 quies
1052 904 1146 933 Galesi
1172 904 1247 943 fuit.

476 950 561 979 Voici
587 962 703 981 comme
730 953 843 992 Rigord
866 957 1009 991 rapporte
1036 951 1065 980 lc
1090 951 1170 980 fait:
1205 964 1217 977 α
1240 951 1396 990 Philippus
1425 951 1635 990 Magnanimus
1671 950 1794 979 dimisso
1822 950 1977 989 proposito
2003 950 2097 979 eundi
2123 951 2156 979 in

436 1010 449 1023 2»
469 998 623 1037 Angliam,
662 1010 732 1029 cum
765 1000 908 1029 universo
944 1000 1082 1028 exercitu
1111 1009 1166 1028 suo
1188 999 1312 1027 divertit
1339 999 1372 1027 in
1401 998 1590 1034 Flandriam,
1621 1002 1651 1026 et
1680 999 1762 1036 cepit
1795 998 1960 1034 Casellum,
1991 999 2092 1036 Ipram
2123 1002 2155 1027 et

436 1049 564 1075 »totam
591 1051 705 1077 terram
742 1057 840 1086 usque
869 1048 1007 1086 Brugias.
1040 1047 1146 1075 Classis
1176 1051 1278 1075 autem
1308 1057 1374 1082 sua,
1405 1056 1499 1086 quam
1532 1046 1726 1085 Gravaringis
1760 1046 1931 1082 dimiserat,
1968 1051 2073 1075 secuta
2107 1050 2154 1075 est

435 1105 448 1118 υ
470 1103 541 1122 011111
576 1095 608 1123 111
641 1099 765 1134 portum
802 1095 1037 1124 famosissimum
1073 1095 1127 1134 qui
1149 1094 1262 1124 dicitur
1290 1095 1406 1124 Bam.»

473 1166 546 1195 Vnus
569 1167 641 1198 3371.
674 1167 761 1201 Quod
789 1168 986 1197 Bloetinorum
1016 1172 1070 1196 etc.
1100 1167 1125 1195 11
1159 1171 1204 1196 est
1232 1167 1295 1196 bon
1325 1167 1363 1196 de
1391 1167 1449 1195 lire
1479 1176 1519 1195 au
1553 1167 1633 1205 sujet
1666 1166 1720 1195 des
1756 1165 1885 1194 faetions
1922 1166 1976 1194 des
2005 1165 2157 1194 Blavotins

436 1216 466 1241 et
496 1213 548 1242 des
579 1215 749 1254 Isengrins,
782 1215 1012 1244 l’introduetion
1041 1225 1081 1243 au
1109 1215 1140 1243 2⁰
1168 1214 1290 1243 volume
1317 1215 1357 1244 de
1387 1216 1417 1244 la
1446 1215 1617 1254 chronique
1657 1215 1695 1243 de
1728 1215 1865 1253 Philippe
1905 1215 2063 1251 Mouskes,
2101 1225 2157 1253 par

436 1262 476 1289 Μ’
503 1262 532 1290 10
561 1264 659 1292 Baron
689 1263 727 1292 de
756 1264 966 1303 Reiffenberg,
997 1274 1075 1302 page
1104 1274 1198 1300 xxxix,
1232 1268 1262 1293 et
1291 1263 1459 1300 suivautes‚
1490 1265 1531 1293 01'1
1560 1264 1621 1292 l’on
1650 1267 1756 1293 trouve
1787 1263 1846 1293 cite
1875 1273 1918 1292 un
1947 1273 2028 1293 assez
2057 1263 2156 1302 grand

434 1310 564 1340 nombre
593 1312 746 1341 d'auteurs
776 1313 830 1351 qui
859 1323 899 1341 en
931 1317 985 1342 ont
1011 1312 1109 1351 parle.

471 1383 545 1412 Vsus
566 1384 638 1413 381.
662 1384 749 1423 Belqa
776 1386 967 1414 covinnorum
997 1390 1124 1424 repertor
1151 1390 1204 1414 etc.
1235 1383 1347 1422 Espece
1377 1383 1415 1412 de
1446 1383 1578 1413 chariots
1607 1383 1682 1412 dont
1708 1393 1740 1412 se
1767 1384 1919 1413 servaient
1948 1384 1993 1413 les
2028 1384 2156 1414 anciens

432 1429 553 1459 Gaulois
583 1435 613 1460 et
642 1431 686 1460 les
714 1434 854 1468 Bretons,
886 1442 926 1461 au
955 1433 1021 1461 dire
1044 1433 1082 1461 de
1109 1433 1291 1471 Pomponius
1318 1431 1413 1467 Mela,
1437 1431 1491 1469 qui
1516 1435 1678 1469 rapporte:
1713 1444 1726 1457 u
1742 1432 1894 1460 Dicimant
1921 1442 1984 1461 non
2015 1432 2154 1471 equitatu

434 1489 448 1503 υ
470 1478 561 1506 modo
589 1482 619 1507 et
643 1479 764 1517 pedite,
790 1489 898 1508 verum
923 1479 1002 1518 bigis
1028 1484 1059 1508 et
1085 1480 1209 1509 curibus
1234 1479 1343 1518 gallice
1370 1480 1507 1514 armatis,
1539 1479 1680 1508 corvinos
1710 1484 1835 1515 vocant,
1869 1489 2002 1519 quorum
2033 1479 2153 1509 falcasis

437 1538 451 1550 ιι
473 1525 581 1555 axibus
603 1531 774 1556 utuntur.»
801 1527 914 1555 Lucain
937 1527 982 1555 dit
1004 1537 1064 1566 que
1087 1537 1122 1556 ce
1144 1528 1249 1557 furent
1268 1529 1312 1557 les
1334 1529 1438 1567 Belges
1459 1529 1513 1567 qui
1537 1528 1731 1557 inventerent
1753 1538 1803 1557 ces
1824 1533 1920 1557 sortes
1942 1529 1980 1557 de
2003 1528 2150 1558 ehariots:

432 1574 474 1603 Et
501 1574 604 1603 docilis
630 1580 723 1604 rector
751 1577 903 1605 monstrati
930 1576 1019 1615 Belqa
1048 1577 1156 1606 covini.
1186 1578 1283 1616 Voycz
1312 1576 1393 1605 aussi
1421 1576 1563 1614 Martial,
1591 1576 1644 1606 liv.
1676 1586 1734 1612 x11‚
1770 1576 1870 1615 epigr.
1900 1586 1979 1605 xxxv.

472 1654 546 1683 vans
577 1655 648 1685 358.
679 1656 796 1695 Belqica
824 1658 909 1696 requi
933 1668 1004 1696 pars
1038 1659 1122 1686 tertia
1152 1657 1240 1687 Galli.

474 1701 544 1730 Ceci
574 1707 620 1731 est
647 1703 764 1742 d'apres
797 1704 828 1733 la
857 1705 986 1734 division
1011 1705 1050 1734 de
1079 1705 1186 1740 cesar,
1219 1705 1352 1743 laquelle
1381 1706 1428 1735 sut
1462 1706 1599 1746 changee
1628 1716 1689 1746 peu
1716 1706 1804 1746 apres
1833 1717 1890 1745 par
1918 1708 2069 1746 Auguste,
2099 1716 2155 1736 son

432 1759 621 1781 successeur.
650 1754 747 1791 Voyez
778 1753 926 1790 strabon,
958 1763 998 1782 au
1024 1758 1287 1783 commencement
1318 1754 1362 1783 du
1390 1755 1467 1784 livre
1496 1766 1537 1785 ιν.

472 1823 546 1851 Vns
575 1823 647 1852 398.
680 1824 835 1863 Granaque
863 1835 928 1853 vero
956 1825 1063 1864 quibus
1091 1825 1199 1864 qaudet
1227 1825 1356 1864 sqzcalala
1382 1827 1496 1856 rubere.

471 1870 496 1898 11
527 1875 598 1899 vaut
623 1871 725 1900 mieux
752 1872 810 1900 lire
841 1873 978 1908 scarleta,
1006 1874 1141 1912 quoique
1171 1873 1231 1902 l'on
1262 1878 1369 1904 trouve
1398 1875 1590 1915 quelquefois
1618 1875 1750 1915 squalata
1779 1875 1855 1904 dans
1884 1875 1912 1904 le
1942 1875 2041 1904 meme
2067 1885 2151 1911 sens,

433 1916 548 1946 temoin
578 1928 613 1947 ce
643 1929 768 1958 passage
798 1919 889 1948 d'une
917 1920 964 1948 vie
994 1920 1033 1948 de
1063 1921 1224 1950 St-Louis:
1250 1923 1338 1950 «ch
1366 1924 1535 1953 Ludovicus
1564 1924 1602 1952 ab
1630 1923 1683 1951 illo
1713 1927 1852 1961 tempore
1882 1933 2040 1962 nunquam
2068 1923 2154 1952 indu-

432 1976 445 1989 π
465 1968 514 1992 1115
541 1970 585 1994 est
607 1967 764 2005 squalato,
793 1967 840 1996 vel
867 1977 947 2006 pano
974 1968 1082 2005 viridi,
1109 1979 1165 1998 seu
1189 1970 1341 2009 bouneta,
1369 1982 1427 2002 nec
1451 1972 1583 2012 pellibus
1602 1972 1711 2009 variis,
1736 1972 1789 2000 sed
1812 1977 1893 2001 veste
1913 1973 1995 2011 nigri
2022 1972 2152 2008 coloris,

431 2024 444 2037 u
466 2012 514 2040 vel
544 2014 688 2042 cameliui
719 2024 773 2043 seu
806 2016 919 2054 persei.
943 2028 956 2042 n

471 2085 544 2113 Vns
573 2085 646 2115 1021.
677 2087 738 2115 Hic
768 2089 908 2116 mentitus
939 2089 1121 2118 Fer-raudus.

472 2133 556 2161 Voici
586 2142 703 2162 comme
733 2135 847 2173 Rigord
875 2141 1019 2174 rapporte
1048 2137 1077 2165 10
1106 2137 1174 2166 fait:
1213 2152 1226 2165 «ι
1241 2139 1397 2178 Philippus
1426 2141 1564 2169 transivit
1589 2151 1686 2180 usque
1716 2140 1917 2179 Gravaringas
1947 2140 2050 2169 villam
2080 2150 2152 2179 opu-

431 2191 445 2205 »
467 2179 580 2208 lentam
606 2181 637 2208 in
664 2181 774 2211 finibus
800 2182 966 2219 Flandriae,
995 2194 1086 2222 super
1115 2195 1199 2215 mare
1225 2187 1384 2226 Anglicum
1412 2188 1514 2223 sitam,
1546 2189 1585 2217 ad
1611 2199 1703 2228 quam
1733 2194 1796 2218 tota
1822 2189 1924 2217 classis
1954 2189 2021 2227 ejus
2046 2193 2150 2218 secuta

431 2239 444 2252 n
465 2232 511 2256 est
540 2237 622 2258 eum.
651 2229 694 2257 lbi
723 2239 761 2258 ex
791 2231 932 2260 condicto
962 2231 1094 2260 debebat
1121 2242 1222 2262 eomes
1250 2236 1420 2264 Ferrandus
1452 2237 1558 2266 venire
1591 2238 1629 2266 ad
1657 2248 1764 2277 regem
1789 2242 1819 2266 et
1849 2238 1878 2266 ei
1907 2237 2082 2266 satisfacere
2111 2237 2150 2266 de

434 2286 446 2298 »ι
468 2275 608 2304 omnibus
644 2276 765 2314 injuriis
796 2279 851 2317 qui
885 2279 918 2307 in
946 2278 1023 2315 hoe,
1060 2279 1138 2309 sicut
1170 2281 1203 2309 in
1238 2282 1320 2319 aliis,
1357 2284 1448 2313 fidem
1486 2295 1548 2314 non
1583 2295 1724 2322 servans,
1764 2295 1820 2325 per
1857 2285 1940 2314 diem
1973 2289 2148 2324 expectatus

433 2333 446 2346 a·
466 2322 635 2361 integrum,
666 2334 724 2353 nec
752 2326 850 2362 venit,
884 2336 940 2356 nee
970 2327 1003 2355 ni
1031 2327 1134 2367 aliquo
1163 2330 1321 2368 satisfecit,
1353 2332 1425 2362 licet
1455 2334 1494 2362 ad
1523 2336 1589 2373 ejus
1619 2336 1798 2374 petitionem
1828 2335 1892 2364 dies
1920 2335 1972 2363 ille
1998 2334 2037 2364 ad
2066 2334 2152 2363 satis-

438 2368 641 2398 »faciendum
675 2371 713 2400 de
743 2373 883 2402 omnibus
909 2375 1068 2403 retroactis
1098 2376 1126 2404 ei
1155 2386 1172 2406 a
1205 2388 1278 2417 rege
1307 2381 1475 2419 assignatus
1505 2382 1621 2412 fuisset.
1639 2396 1651 2409 υ

473 2415 606 2445 Mathieu
635 2417 731 2455 Paris,
760 2429 792 2458 p.
822 2421 901 2456 228,
937 2421 1038 2450 donne
1068 2423 1111 2452 les
1141 2425 1257 2455 raisons
1284 2428 1323 2457 de
1358 2430 1493 2459 Ferrand
1527 2441 1607 2469 pour
1636 2441 1675 2460 ne
1713 2441 1766 2470 pas
1796 2431 1882 2459 venir
1908 2430 1925 2459 3
1956 2440 1991 2459 00
2024 2429 2150 2458 rendez-

433 2471 518 2491 vous.
556 2464 640 2493 Voici
670 2466 699 2494 le
730 2468 860 2505 portrait
891 2469 930 2498 de
960 2471 1111 2507 Fen-and,
1142 2482 1202 2511 que
1231 2474 1290 2504 l'on
1317 2480 1424 2506 trouve
1454 2478 1529 2507 dans
1558 2479 1587 2507 10
1617 2479 1786 2516 manuscrit
1814 2479 1875 2507 cite
1908 2488 1964 2516 par
1999 2477 2150 2506 Barthius.

436 2510 551 2549 Malgre
582 2512 610 2541 la
644 2516 796 2551 ρει-1131110
830 2517 922 2556 qu'ou
960 2529 978 2557 y
1012 2522 1185 2557 reconnait‚
1216 2522 1289 2552 d’un
1317 2525 1453 2563 partisan
1482 2526 1520 2555 de
1549 2527 1579 2556 la
1607 2529 1738 2562 France,
1776 2526 1907 2556 l'auteur
1936 2525 2000 2554 doit
2038 2534 2148 2563 cepen-

431 2556 506 2587 dant
535 2560 682 2591 accorder
709 2562 819 2592 d‘assez
848 2565 942 2594 belles
969 2567 1098 2605 qualites
1125 2579 1164 2597 au
1192 2571 1392 2602 malheureux
1421 2573 1520 2612 epoux
1550 2574 1588 2602 de
1618 2576 1747 2604 Jeanne.
