<?xml version="1.0" encoding="UTF-8"?>
<!DOCTYPE html PUBLIC "-//W3C//DTD XHTML 1.0 Transitional//EN"
    "http://www.w3.org/TR/xhtml1/DTD/xhtml1-transitional.dtd">
<html xmlns="http://www.w3.org/1999/xhtml" xml:lang="en" lang="en">
 <head>
  <title>
</title>
<meta http-equiv="Content-Type" content="text/html;charset=utf-8" />
  <meta name='ocr-system' content='tesseract 3.04.00' />
  <meta name='ocr-capabilities' content='ocr_page ocr_carea ocr_par ocr_line ocrx_word'/>
</head>
<body>
  <div class='ocr_page' id='page_1' title='image "./philippidedeguil00guil_0150.png"; bbox 0 0 2395 3251; ppageno 0'>
   <div class='ocr_carea' id='block_1_1' title="bbox 1260 436 1326 467">
    <p class='ocr_par' dir='ltr' id='par_1_1' title="bbox 1260 436 1326 467">
     <span class='ocr_line' id='line_1_1' title="bbox 1260 436 1326 467; baseline 0 0"><span class='ocrx_word' id='word_1_1' title='bbox 1260 436 1326 467; x_wconf 73' lang='lat'>122</span> 
     </span>
    </p>
   </div>
   <div class='ocr_carea' id='block_1_2' title="bbox 428 508 1906 2586">
    <p class='ocr_par' dir='ltr' id='par_1_2' title="bbox 428 508 1906 2586">
     <span class='ocr_line' id='line_1_2' title="bbox 571 508 1763 563; baseline -0.003 -6"><span class='ocrx_word' id='word_1_2' title='bbox 571 516 766 558; x_wconf 84' lang='lat' dir='ltr'>Protinus</span> <span class='ocrx_word' id='word_1_3' title='bbox 807 515 853 554; x_wconf 90' lang='lat' dir='ltr'>in</span> <span class='ocrx_word' id='word_1_4' title='bbox 887 513 1070 554; x_wconf 89' lang='lat' dir='ltr'>reditum</span> <span class='ocrx_word' id='word_1_5' title='bbox 1110 513 1206 553; x_wconf 91' lang='lat' dir='ltr'>litui</span> <span class='ocrx_word' id='word_1_6' title='bbox 1242 527 1318 553; x_wconf 88' lang='lat' dir='ltr'>sua</span> <span class='ocrx_word' id='word_1_7' title='bbox 1356 512 1529 555; x_wconf 84' lang='lat' dir='ltr'>classica</span> <span class='ocrx_word' id='word_1_8' title='bbox 1560 508 1728 553; x_wconf 78' lang='lat' dir='ltr'>mutant</span> <span class='ocrx_word' id='word_1_9' title='bbox 1751 542 1763 563; x_wconf 86' lang='lat'>‚</span> 
     </span>
     <span class='ocr_line' id='line_1_3' title="bbox 570 579 1684 635; baseline -0.002 -14"><span class='ocrx_word' id='word_1_10' title='bbox 570 582 625 622; x_wconf 89' lang='lat' dir='ltr'>Et</span> <span class='ocrx_word' id='word_1_11' title='bbox 659 586 859 621; x_wconf 87' lang='lat' dir='ltr'>revocant</span> <span class='ocrx_word' id='word_1_12' title='bbox 892 595 1053 635; x_wconf 87' lang='lat' dir='ltr'>sparsas</span> <span class='ocrx_word' id='word_1_13' title='bbox 1087 580 1248 620; x_wconf 81' lang='lat' dir='ltr'>tonitru</span> <span class='ocrx_word' id='word_1_14' title='bbox 1281 579 1434 620; x_wconf 79' lang='lat' dir='ltr'>leviore</span> <span class='ocrx_word' id='word_1_15' title='bbox 1468 584 1654 619; x_wconf 85' lang='lat' dir='ltr'>catervas</span> <span class='ocrx_word' id='word_1_16' title='bbox 1671 609 1684 629; x_wconf 90' lang='lat'><em>,</em></span> 
     </span>
     <span class='ocr_line' id='line_1_4' title="bbox 567 645 1609 700; baseline -0.003 -13"><span class='ocrx_word' id='word_1_17' title='bbox 567 646 697 700; x_wconf 77' lang='lat' dir='ltr'>Signa</span> <span class='ocrx_word' id='word_1_18' title='bbox 728 645 962 686; x_wconf 84' lang='lat' dir='ltr'>revertendi</span> <span class='ocrx_word' id='word_1_19' title='bbox 997 651 1116 698; x_wconf 77' lang='lat' dir='ltr'>grato</span> <span class='ocrx_word' id='word_1_20' title='bbox 1147 646 1408 687; x_wconf 79' lang='lat' dir='ltr'>revocamine</span> <span class='ocrx_word' id='word_1_21' title='bbox 1449 645 1609 685; x_wconf 78' lang='lat' dir='ltr'><strong>dantes.</strong></span> 
     </span>
     <span class='ocr_line' id='line_1_5' title="bbox 625 708 1759 764; baseline -0.004 -12"><span class='ocrx_word' id='word_1_22' title='bbox 625 713 746 752; x_wconf 90' lang='lat' dir='ltr'>Tunc</span> <span class='ocrx_word' id='word_1_23' title='bbox 781 712 949 752; x_wconf 88' lang='lat' dir='ltr'>demum</span> <span class='ocrx_word' id='word_1_24' title='bbox 986 712 1105 752; x_wconf 88' lang='lat' dir='ltr'>licuit</span> <span class='ocrx_word' id='word_1_25' title='bbox 1144 712 1317 752; x_wconf 88' lang='lat' dir='ltr'>Francis</span> <span class='ocrx_word' id='word_1_26' title='bbox 1351 711 1540 751; x_wconf 80' lang='lat' dir='ltr'><strong>insistere</strong></span> <span class='ocrx_word' id='word_1_27' title='bbox 1574 708 1759 764; x_wconf 81' lang='lat' dir='ltr'>praedae,</span> 
     </span>
     <span class='ocr_line' id='line_1_6' title="bbox 569 775 1663 832; baseline -0.003 -14"><span class='ocrx_word' id='word_1_28' title='bbox 569 779 622 819; x_wconf 90' lang='lat' dir='ltr'>Et</span> <span class='ocrx_word' id='word_1_29' title='bbox 652 778 792 832; x_wconf 89' lang='lat' dir='ltr'>spoliis</span> <span class='ocrx_word' id='word_1_30' title='bbox 824 778 1034 832; x_wconf 79' lang='lat' dir='ltr'>armisque</span> <span class='ocrx_word' id='word_1_31' title='bbox 1073 778 1211 818; x_wconf 86' lang='lat' dir='ltr'>hostes</span> <span class='ocrx_word' id='word_1_32' title='bbox 1246 778 1424 832; x_wconf 90' lang='lat' dir='ltr'>spoliare</span> <span class='ocrx_word' id='word_1_33' title='bbox 1457 775 1663 832; x_wconf 84' lang='lat' dir='ltr'>jacentes.</span> 
     </span>
     <span class='ocr_line' id='line_1_7' title="bbox 566 840 1591 897; baseline -0.003 -15"><span class='ocrx_word' id='word_1_34' title='bbox 566 843 640 883; x_wconf 88' lang='lat' dir='ltr'>Isti</span> <span class='ocrx_word' id='word_1_35' title='bbox 673 843 818 897; x_wconf 79' lang='lat' dir='ltr'>praeda</span> <span class='ocrx_word' id='word_1_36' title='bbox 848 844 988 897; x_wconf 89' lang='lat' dir='ltr'>placet</span> <span class='ocrx_word' id='word_1_37' title='bbox 1023 842 1255 882; x_wconf 85' lang='lat' dir='ltr'>dextrarius</span> <span class='ocrx_word' id='word_1_38' title='bbox 1290 841 1484 891; x_wconf 86' lang='lat' dir='ltr'>Ardinis,</span> <span class='ocrx_word' id='word_1_39' title='bbox 1527 840 1591 880; x_wconf 90' lang='lat' dir='ltr'>illi</span> 
     </span>
     <span class='ocr_line' id='line_1_8' title="bbox 566 905 1652 961; baseline -0.004 -13"><span class='ocrx_word' id='word_1_40' title='bbox 566 907 787 948; x_wconf 85' lang='lat' dir='ltr'>Runcinus</span> <span class='ocrx_word' id='word_1_41' title='bbox 824 913 952 961; x_wconf 89' lang='lat' dir='ltr'>caput</span> <span class='ocrx_word' id='word_1_42' title='bbox 987 907 1132 960; x_wconf 76' lang='lat' dir='ltr'>ignoto</span> <span class='ocrx_word' id='word_1_43' title='bbox 1171 908 1244 947; x_wconf 88' lang='lat' dir='ltr'>dat</span> <span class='ocrx_word' id='word_1_44' title='bbox 1282 906 1383 947; x_wconf 84' lang='lat' dir='ltr'>fune</span> <span class='ocrx_word' id='word_1_45' title='bbox 1417 905 1652 960; x_wconf 77' lang='lat' dir='ltr'>ligandum.</span> 
     </span>
     <span class='ocr_line' id='line_1_9' title="bbox 569 969 1748 1027; baseline -0.003 -16"><span class='ocrx_word' id='word_1_46' title='bbox 569 971 622 1011; x_wconf 89' lang='lat' dir='ltr'>Hi</span> <span class='ocrx_word' id='word_1_47' title='bbox 654 972 849 1026; x_wconf 73' lang='lat' dir='ltr'>neglecta</span> <span class='ocrx_word' id='word_1_48' title='bbox 889 972 1036 1025; x_wconf 76' lang='lat' dir='ltr'>legunt</span> <span class='ocrx_word' id='word_1_49' title='bbox 1071 987 1145 1027; x_wconf 90' lang='lat' dir='ltr'>per</span> <span class='ocrx_word' id='word_1_50' title='bbox 1184 986 1352 1027; x_wconf 89' lang='lat' dir='ltr'>campos</span> <span class='ocrx_word' id='word_1_51' title='bbox 1389 985 1508 1011; x_wconf 87' lang='lat' dir='ltr'>arma</span> <span class='ocrx_word' id='word_1_52' title='bbox 1527 1000 1538 1019; x_wconf 92' lang='lat'>‚</span> <span class='ocrx_word' id='word_1_53' title='bbox 1576 969 1748 1009; x_wconf 88' lang='lat' dir='ltr'>nitentis</span> 
     </span>
     <span class='ocr_line' id='line_1_10' title="bbox 428 1034 1689 1091; baseline -0.003 -14"><span class='ocrx_word' id='word_1_54' title='bbox 428 1035 539 1077; x_wconf 87' lang='lat'>1800</span> <span class='ocrx_word' id='word_1_55' title='bbox 569 1035 718 1076; x_wconf 84' lang='lat' dir='ltr'>Praedo</span> <span class='ocrx_word' id='word_1_56' title='bbox 757 1037 811 1076; x_wconf 91' lang='lat' dir='ltr'>sit</span> <span class='ocrx_word' id='word_1_57' title='bbox 849 1037 920 1076; x_wconf 84' lang='lat' dir='ltr'>hic</span> <span class='ocrx_word' id='word_1_58' title='bbox 955 1037 1110 1091; x_wconf 78' lang='lat' dir='ltr'>clipei,</span> <span class='ocrx_word' id='word_1_59' title='bbox 1144 1037 1274 1090; x_wconf 71' lang='lat' dir='ltr'>gladii</span> <span class='ocrx_word' id='word_1_60' title='bbox 1304 1037 1370 1077; x_wconf 82' lang='lat' dir='ltr'>vel</span> <span class='ocrx_word' id='word_1_61' title='bbox 1399 1035 1568 1076; x_wconf 81' lang='lat' dir='ltr'>cassidis</span> <span class='ocrx_word' id='word_1_62' title='bbox 1602 1034 1689 1073; x_wconf 86' lang='lat' dir='ltr'>ille.</span> 
     </span>
     <span class='ocr_line' id='line_1_11' title="bbox 566 1100 1554 1152; baseline -0.001 -12"><span class='ocrx_word' id='word_1_63' title='bbox 566 1101 645 1141; x_wconf 89' lang='lat' dir='ltr'>Hic</span> <span class='ocrx_word' id='word_1_64' title='bbox 675 1102 805 1141; x_wconf 90' lang='lat' dir='ltr'>ocreis</span> <span class='ocrx_word' id='word_1_65' title='bbox 841 1107 1061 1141; x_wconf 82' lang='lat' dir='ltr'>contentus</span> <span class='ocrx_word' id='word_1_66' title='bbox 1095 1102 1213 1152; x_wconf 83' lang='lat' dir='ltr'>abit,</span> <span class='ocrx_word' id='word_1_67' title='bbox 1251 1102 1383 1142; x_wconf 85' lang='lat' dir='ltr'>lorica</span> <span class='ocrx_word' id='word_1_68' title='bbox 1415 1101 1462 1140; x_wconf 81' lang='lat' dir='ltr'>fit</span> <span class='ocrx_word' id='word_1_69' title='bbox 1491 1100 1554 1140; x_wconf 91' lang='lat' dir='ltr'>illi</span> 
     </span>
     <span class='ocr_line' id='line_1_12' title="bbox 567 1165 1750 1221; baseline 0 -16"><span class='ocrx_word' id='word_1_70' title='bbox 567 1165 720 1206; x_wconf 80' lang='lat' dir='ltr'>Praeda</span> <span class='ocrx_word' id='word_1_71' title='bbox 751 1167 921 1220; x_wconf 85' lang='lat' dir='ltr'>placens</span> <span class='ocrx_word' id='word_1_72' title='bbox 940 1197 950 1216; x_wconf 88' lang='lat'><em>,</em></span> <span class='ocrx_word' id='word_1_73' title='bbox 985 1172 1115 1206; x_wconf 83' lang='lat' dir='ltr'>vestes</span> <span class='ocrx_word' id='word_1_74' title='bbox 1150 1173 1191 1206; x_wconf 91' lang='lat' dir='ltr'>et</span> <span class='ocrx_word' id='word_1_75' title='bbox 1230 1168 1418 1221; x_wconf 76' lang='lat' dir='ltr'>tegmina</span> <span class='ocrx_word' id='word_1_76' title='bbox 1455 1165 1616 1219; x_wconf 73' lang='lat' dir='ltr'>colligit</span> <span class='ocrx_word' id='word_1_77' title='bbox 1644 1165 1750 1206; x_wconf 85' lang='lat' dir='ltr'>alter</span> 
     </span>
     <span class='ocr_line' id='line_1_13' title="bbox 568 1225 1577 1286; baseline 0 -16"><span class='ocrx_word' id='word_1_78' title='bbox 568 1225 736 1272; x_wconf 81' lang='lat' dir='ltr'>Fortior</span> <span class='ocrx_word' id='word_1_79' title='bbox 771 1239 813 1272; x_wconf 91' lang='lat' dir='ltr'>et</span> <span class='ocrx_word' id='word_1_80' title='bbox 844 1233 943 1272; x_wconf 85' lang='lat' dir='ltr'>sorti</span> <span class='ocrx_word' id='word_1_81' title='bbox 979 1233 1110 1286; x_wconf 76' lang='lat' dir='ltr'>magis</span> <span class='ocrx_word' id='word_1_82' title='bbox 1147 1238 1208 1272; x_wconf 88' lang='lat' dir='ltr'>est</span> <span class='ocrx_word' id='word_1_83' title='bbox 1242 1232 1444 1271; x_wconf 83' lang='lat' dir='ltr'>obnoxius</span> <span class='ocrx_word' id='word_1_84' title='bbox 1477 1231 1577 1280; x_wconf 84' lang='lat' dir='ltr'>ille,</span> 
     </span>
     <span class='ocr_line' id='line_1_14' title="bbox 571 1296 1679 1352; baseline -0.002 -16"><span class='ocrx_word' id='word_1_85' title='bbox 571 1296 932 1336; x_wconf 87' lang='lat' dir='ltr'>Sarcinulatorum</span> <span class='ocrx_word' id='word_1_86' title='bbox 968 1297 1041 1350; x_wconf 85' lang='lat' dir='ltr'>qui</span> <span class='ocrx_word' id='word_1_87' title='bbox 1077 1297 1219 1350; x_wconf 63' lang='lat' dir='ltr'>praedo</span> <span class='ocrx_word' id='word_1_88' title='bbox 1255 1302 1439 1336; x_wconf 87' lang='lat' dir='ltr'>meretur</span> <span class='ocrx_word' id='word_1_89' title='bbox 1472 1308 1679 1352; x_wconf 86' lang='lat' dir='ltr'>equorum</span> 
     </span>
     <span class='ocr_line' id='line_1_15' title="bbox 571 1359 1720 1415; baseline -0.002 -15"><span class='ocrx_word' id='word_1_90' title='bbox 571 1360 670 1400; x_wconf 82' lang='lat' dir='ltr'>Esse</span> <span class='ocrx_word' id='word_1_91' title='bbox 689 1393 700 1412; x_wconf 89' lang='lat'><em>,</em></span> <span class='ocrx_word' id='word_1_92' title='bbox 738 1363 804 1402; x_wconf 82' lang='lat' dir='ltr'>vel</span> <span class='ocrx_word' id='word_1_93' title='bbox 839 1362 1029 1401; x_wconf 80' lang='lat' dir='ltr'>absconsi</span> <span class='ocrx_word' id='word_1_94' title='bbox 1059 1361 1203 1401; x_wconf 84' lang='lat' dir='ltr'>forulis</span> <span class='ocrx_word' id='word_1_95' title='bbox 1243 1359 1560 1415; x_wconf 69' lang='lat' dir='ltr'>praegnantibus</span> <span class='ocrx_word' id='word_1_96' title='bbox 1595 1359 1688 1399; x_wconf 83' lang='lat' dir='ltr'>aeris</span> <span class='ocrx_word' id='word_1_97' title='bbox 1708 1389 1720 1409; x_wconf 88' lang='lat'><strong><em>,</em></strong></span> 
     </span>
     <span class='ocr_line' id='line_1_16' title="bbox 569 1424 1765 1480; baseline -0.001 -15"><span class='ocrx_word' id='word_1_98' title='bbox 569 1424 658 1465; x_wconf 91' lang='lat' dir='ltr'>Aut</span> <span class='ocrx_word' id='word_1_99' title='bbox 695 1432 993 1480; x_wconf 80' lang='lat' dir='ltr'>carpentorum</span> <span class='ocrx_word' id='word_1_100' title='bbox 1011 1457 1022 1476; x_wconf 83' lang='grc'>,</span> <span class='ocrx_word' id='word_1_101' title='bbox 1066 1440 1162 1479; x_wconf 79' lang='lat' dir='ltr'>quae</span> <span class='ocrx_word' id='word_1_102' title='bbox 1201 1425 1385 1479; x_wconf 87' lang='lat' dir='ltr'>primum</span> <span class='ocrx_word' id='word_1_103' title='bbox 1421 1424 1549 1477; x_wconf 76' lang='lat' dir='ltr'>Belga</span> <span class='ocrx_word' id='word_1_104' title='bbox 1589 1429 1765 1478; x_wconf 88' lang='lat' dir='ltr'>putatur</span> 
     </span>
     <span class='ocr_line' id='line_1_17' title="bbox 569 1489 1634 1544; baseline -0.003 -14"><span class='ocrx_word' id='word_1_105' title='bbox 569 1490 843 1544; x_wconf 87' lang='lat' dir='ltr'>Carpentasse</span> <span class='ocrx_word' id='word_1_106' title='bbox 878 1491 956 1530; x_wconf 88' lang='lat' dir='ltr'>sibi</span> <span class='ocrx_word' id='word_1_107' title='bbox 997 1505 1093 1530; x_wconf 88' lang='lat' dir='ltr'>cum</span> <span class='ocrx_word' id='word_1_108' title='bbox 1128 1504 1259 1544; x_wconf 76' lang='lat' dir='ltr'>regna</span> <span class='ocrx_word' id='word_1_109' title='bbox 1291 1489 1474 1529; x_wconf 77' lang='lat' dir='ltr'>coercuit</span> <span class='ocrx_word' id='word_1_110' title='bbox 1509 1489 1634 1538; x_wconf 87' lang='lat' dir='ltr'>olim,</span> 
     </span>
     <span class='ocr_line' id='line_1_18' title="bbox 571 1552 1766 1609; baseline -0.003 -14"><span class='ocrx_word' id='word_1_111' title='bbox 571 1554 713 1595; x_wconf 86' lang='lat' dir='ltr'>Aurea</span> <span class='ocrx_word' id='word_1_112' title='bbox 752 1570 851 1596; x_wconf 82' lang='lat' dir='ltr'>vasa</span> <span class='ocrx_word' id='word_1_113' title='bbox 888 1555 1041 1609; x_wconf 87' lang='lat' dir='ltr'>quibus</span> <span class='ocrx_word' id='word_1_114' title='bbox 1079 1561 1121 1594; x_wconf 89' lang='lat' dir='ltr'>et</span> <span class='ocrx_word' id='word_1_115' title='bbox 1153 1569 1239 1597; x_wconf 89' lang='lat' dir='ltr'>non</span> <span class='ocrx_word' id='word_1_116' title='bbox 1268 1554 1497 1594; x_wconf 89' lang='lat' dir='ltr'>temnenda</span> <span class='ocrx_word' id='word_1_117' title='bbox 1529 1552 1766 1608; x_wconf 83' lang='lat' dir='ltr'>suppellex3</span> 
     </span>
     <span class='ocr_line' id='line_1_19' title="bbox 569 1619 1564 1660; baseline -0.002 0"><span class='ocrx_word' id='word_1_118' title='bbox 569 1619 625 1659; x_wconf 81' lang='lat' dir='ltr'>Et</span> <span class='ocrx_word' id='word_1_119' title='bbox 659 1622 791 1660; x_wconf 91' lang='lat' dir='ltr'>multo</span> <span class='ocrx_word' id='word_1_120' title='bbox 826 1621 973 1660; x_wconf 87' lang='lat' dir='ltr'>Serum</span> <span class='ocrx_word' id='word_1_121' title='bbox 1007 1620 1157 1660; x_wconf 86' lang='lat' dir='ltr'>sudata</span> <span class='ocrx_word' id='word_1_122' title='bbox 1194 1619 1338 1660; x_wconf 88' lang='lat' dir='ltr'>labore</span> <span class='ocrx_word' id='word_1_123' title='bbox 1371 1620 1564 1660; x_wconf 88' lang='lat' dir='ltr'>latebant</span> 
     </span>
     <span class='ocr_line' id='line_1_20' title="bbox 429 1684 1613 1739; baseline 0.001 -15"><span class='ocrx_word' id='word_1_124' title='bbox 429 1684 541 1725; x_wconf 85' lang='lat'>1810</span> <span class='ocrx_word' id='word_1_125' title='bbox 571 1684 859 1735; x_wconf 84' lang='lat' dir='ltr'>Vestimenta,</span> <span class='ocrx_word' id='word_1_126' title='bbox 898 1685 1128 1739; x_wconf 78' lang='lat' dir='ltr'>peregrinis</span> <span class='ocrx_word' id='word_1_127' title='bbox 1161 1685 1402 1737; x_wconf 73' lang='lat' dir='ltr'>regionibus</span> <span class='ocrx_word' id='word_1_128' title='bbox 1436 1685 1492 1725; x_wconf 88' lang='lat' dir='ltr'>ad</span> <span class='ocrx_word' id='word_1_129' title='bbox 1537 1699 1613 1725; x_wconf 90' lang='lat' dir='ltr'>nos</span> 
     </span>
     <span class='ocr_line' id='line_1_21' title="bbox 572 1748 1594 1799; baseline 0.001 -11"><span class='ocrx_word' id='word_1_130' title='bbox 572 1748 677 1799; x_wconf 81' lang='lat' dir='ltr'>Quae</span> <span class='ocrx_word' id='word_1_131' title='bbox 713 1749 873 1788; x_wconf 85' lang='lat' dir='ltr'>deferre</span> <span class='ocrx_word' id='word_1_132' title='bbox 913 1750 1016 1788; x_wconf 85' lang='lat' dir='ltr'>solet</span> <span class='ocrx_word' id='word_1_133' title='bbox 1045 1749 1176 1789; x_wconf 88' lang='lat' dir='ltr'>animi</span> <span class='ocrx_word' id='word_1_134' title='bbox 1212 1754 1418 1788; x_wconf 89' lang='lat' dir='ltr'>mercator</span> <span class='ocrx_word' id='word_1_135' title='bbox 1453 1750 1594 1799; x_wconf 86' lang='lat' dir='ltr'>avari,</span> 
     </span>
     <span class='ocr_line' id='line_1_22' title="bbox 574 1812 1813 1868; baseline 0.002 -16"><span class='ocrx_word' id='word_1_136' title='bbox 574 1812 855 1867; x_wconf 85' lang='lat' dir='ltr'>Multiplicarc</span> <span class='ocrx_word' id='word_1_137' title='bbox 890 1814 1059 1853; x_wconf 86' lang='lat' dir='ltr'>studens</span> <span class='ocrx_word' id='word_1_138' title='bbox 1095 1827 1145 1852; x_wconf 87' lang='lat' dir='ltr'>ex</span> <span class='ocrx_word' id='word_1_139' title='bbox 1183 1827 1230 1852; x_wconf 87' lang='lat' dir='ltr'>re</span> <span class='ocrx_word' id='word_1_140' title='bbox 1278 1826 1544 1868; x_wconf 84' lang='lat' dir='ltr'>quacumque</span> <span class='ocrx_word' id='word_1_141' title='bbox 1583 1814 1782 1855; x_wconf 90' lang='lat' dir='ltr'>lucellum</span> <span class='ocrx_word' id='word_1_142' title='bbox 1802 1846 1813 1865; x_wconf 88' lang='lat'><em>,</em></span> 
     </span>
     <span class='ocr_line' id='line_1_23' title="bbox 569 1878 1906 1934; baseline 0.001 -16"><span class='ocrx_word' id='word_1_143' title='bbox 569 1878 764 1918; x_wconf 87' lang='lat' dir='ltr'>Rhedam</span> <span class='ocrx_word' id='word_1_144' title='bbox 795 1892 1007 1933; x_wconf 85' lang='lat' dir='ltr'>quamque</span> <span class='ocrx_word' id='word_1_145' title='bbox 1046 1878 1148 1918; x_wconf 89' lang='lat' dir='ltr'>rotis</span> <span class='ocrx_word' id='word_1_146' title='bbox 1183 1892 1350 1919; x_wconf 87' lang='lat' dir='ltr'>camera</span> <span class='ocrx_word' id='word_1_147' title='bbox 1385 1879 1617 1920; x_wconf 88' lang='lat' dir='ltr'>introvecta</span> <span class='ocrx_word' id='word_1_148' title='bbox 1656 1879 1871 1934; x_wconf 84' lang='lat' dir='ltr'>quaternis</span> <span class='ocrx_word' id='word_1_149' title='bbox 1895 1911 1906 1930; x_wconf 92' lang='lat'><em>,</em></span> 
     </span>
     <span class='ocr_line' id='line_1_24' title="bbox 571 1944 1648 1999; baseline 0 -15"><span class='ocrx_word' id='word_1_150' title='bbox 571 1944 623 1984; x_wconf 89' lang='lat' dir='ltr'>In</span> <span class='ocrx_word' id='word_1_151' title='bbox 653 1945 786 1984; x_wconf 83' lang='lat' dir='ltr'>nihilo</span> <span class='ocrx_word' id='word_1_152' title='bbox 821 1946 981 1999; x_wconf 88' lang='lat' dir='ltr'>patitur</span> <span class='ocrx_word' id='word_1_153' title='bbox 1010 1944 1199 1984; x_wconf 86' lang='lat' dir='ltr'>thalamo</span> <span class='ocrx_word' id='word_1_154' title='bbox 1240 1944 1406 1984; x_wconf 83' lang='lat' dir='ltr'>differre</span> <span class='ocrx_word' id='word_1_155' title='bbox 1446 1945 1648 1999; x_wconf 90' lang='lat' dir='ltr'>superbo,</span> 
     </span>
     <span class='ocr_line' id='line_1_25' title="bbox 568 2008 1839 2064; baseline 0.002 -16"><span class='ocrx_word' id='word_1_156' title='bbox 568 2008 662 2060; x_wconf 84' lang='lat' dir='ltr'>Quo</span> <span class='ocrx_word' id='word_1_157' title='bbox 696 2024 806 2051; x_wconf 82' lang='lat' dir='ltr'>nova</span> <span class='ocrx_word' id='word_1_158' title='bbox 834 2017 969 2064; x_wconf 88' lang='lat' dir='ltr'>nupta</span> <span class='ocrx_word' id='word_1_159' title='bbox 1008 2024 1163 2051; x_wconf 83' lang='lat' dir='ltr'>novum</span> <span class='ocrx_word' id='word_1_160' title='bbox 1193 2009 1272 2050; x_wconf 89' lang='lat' dir='ltr'>sibi</span> <span class='ocrx_word' id='word_1_161' title='bbox 1308 2010 1398 2049; x_wconf 79' lang='lat' dir='ltr'>vult</span> <span class='ocrx_word' id='word_1_162' title='bbox 1431 2009 1640 2064; x_wconf 83' lang='lat' dir='ltr'>hymenea</span> <span class='ocrx_word' id='word_1_163' title='bbox 1679 2010 1839 2064; x_wconf 88' lang='lat' dir='ltr'>parari,</span> 
     </span>
     <span class='ocr_line' id='line_1_26' title="bbox 570 2073 1698 2130; baseline 0.002 -17"><span class='ocrx_word' id='word_1_164' title='bbox 570 2073 737 2113; x_wconf 89' lang='lat' dir='ltr'>Vimine</span> <span class='ocrx_word' id='word_1_165' title='bbox 771 2080 860 2114; x_wconf 84' lang='lat' dir='ltr'>tam</span> <span class='ocrx_word' id='word_1_166' title='bbox 909 2075 1044 2114; x_wconf 89' lang='lat' dir='ltr'>nitido</span> <span class='ocrx_word' id='word_1_167' title='bbox 1081 2074 1271 2128; x_wconf 88' lang='lat' dir='ltr'>splendet</span> <span class='ocrx_word' id='word_1_168' title='bbox 1300 2081 1495 2115; x_wconf 86' lang='lat' dir='ltr'>contexta</span> <span class='ocrx_word' id='word_1_169' title='bbox 1533 2075 1698 2130; x_wconf 87' lang='lat' dir='ltr'>patenti</span> 
     </span>
     <span class='ocr_line' id='line_1_27' title="bbox 570 2138 1740 2194; baseline 0 -15"><span class='ocrx_word' id='word_1_170' title='bbox 570 2138 651 2179; x_wconf 94' lang='lat' dir='ltr'>Tot</span> <span class='ocrx_word' id='word_1_171' title='bbox 687 2153 752 2179; x_wconf 89' lang='lat' dir='ltr'>res</span> <span class='ocrx_word' id='word_1_172' title='bbox 786 2145 930 2180; x_wconf 84' lang='lat' dir='ltr'>ventre</span> <span class='ocrx_word' id='word_1_173' title='bbox 966 2139 1100 2193; x_wconf 84' lang='lat' dir='ltr'>capit,</span> <span class='ocrx_word' id='word_1_174' title='bbox 1139 2144 1203 2178; x_wconf 90' lang='lat' dir='ltr'>tot</span> <span class='ocrx_word' id='word_1_175' title='bbox 1232 2139 1397 2190; x_wconf 83' lang='lat' dir='ltr'>edulia,</span> <span class='ocrx_word' id='word_1_176' title='bbox 1436 2145 1500 2180; x_wconf 91' lang='lat' dir='ltr'>tot</span> <span class='ocrx_word' id='word_1_177' title='bbox 1538 2140 1740 2194; x_wconf 89' lang='lat' dir='ltr'>pretiosos</span> 
     </span>
     <span class='ocr_line' id='line_1_28' title="bbox 571 2203 1628 2259; baseline 0.001 -16"><span class='ocrx_word' id='word_1_178' title='bbox 571 2203 778 2254; x_wconf 86' lang='lat' dir='ltr'>Ornatus,</span> <span class='ocrx_word' id='word_1_179' title='bbox 822 2205 962 2259; x_wconf 90' lang='lat' dir='ltr'>spoliis</span> <span class='ocrx_word' id='word_1_180' title='bbox 996 2210 1060 2244; x_wconf 91' lang='lat' dir='ltr'>tot</span> <span class='ocrx_word' id='word_1_181' title='bbox 1099 2204 1251 2243; x_wconf 89' lang='lat' dir='ltr'>sufficit</span> <span class='ocrx_word' id='word_1_182' title='bbox 1284 2218 1371 2244; x_wconf 89' lang='lat' dir='ltr'>una</span> <span class='ocrx_word' id='word_1_183' title='bbox 1408 2204 1628 2253; x_wconf 85' lang='lat' dir='ltr'>vehendis,</span> 
     </span>
     <span class='ocr_line' id='line_1_29' title="bbox 569 2268 1710 2326; baseline -0.001 -16"><span class='ocrx_word' id='word_1_184' title='bbox 569 2268 627 2310; x_wconf 90' lang='lat' dir='ltr'>Ut</span> <span class='ocrx_word' id='word_1_185' title='bbox 662 2271 730 2310; x_wconf 74' lang='lat' dir='ltr'>vix</span> <span class='ocrx_word' id='word_1_186' title='bbox 768 2271 978 2310; x_wconf 83' lang='lat' dir='ltr'>sufficiant</span> <span class='ocrx_word' id='word_1_187' title='bbox 1007 2269 1203 2326; x_wconf 84' lang='lat' dir='ltr'>jumenta</span> <span class='ocrx_word' id='word_1_188' title='bbox 1246 2269 1310 2309; x_wconf 86' lang='lat' dir='ltr'>bis</span> <span class='ocrx_word' id='word_1_189' title='bbox 1344 2275 1438 2309; x_wconf 90' lang='lat' dir='ltr'>octo</span> <span class='ocrx_word' id='word_1_190' title='bbox 1473 2268 1710 2309; x_wconf 75' lang='lat' dir='ltr'>trahendae.</span> 
     </span>
     <span class='ocr_line' id='line_1_30' title="bbox 430 2333 1832 2390; baseline 0.001 -18"><span class='ocrx_word' id='word_1_191' title='bbox 430 2334 540 2373; x_wconf 74' lang='lat'>1820</span> <span class='ocrx_word' id='word_1_192' title='bbox 629 2333 780 2374; x_wconf 90' lang='lat' dir='ltr'>Carrus</span> <span class='ocrx_word' id='word_1_193' title='bbox 799 2366 810 2385; x_wconf 86' lang='lat'><strong><em>,</em></strong></span> <span class='ocrx_word' id='word_1_194' title='bbox 850 2349 935 2389; x_wconf 89' lang='lat' dir='ltr'>quo</span> <span class='ocrx_word' id='word_1_195' title='bbox 971 2335 1174 2390; x_wconf 86' lang='lat' dir='ltr'>reprobus</span> <span class='ocrx_word' id='word_1_196' title='bbox 1206 2339 1396 2374; x_wconf 79' lang='lat' dir='ltr'>erexerat</span> <span class='ocrx_word' id='word_1_197' title='bbox 1433 2333 1545 2373; x_wconf 86' lang='lat' dir='ltr'>Otho</span> <span class='ocrx_word' id='word_1_198' title='bbox 1585 2334 1832 2384; x_wconf 88' lang='lat' dir='ltr'>draconem,</span> 
     </span>
     <span class='ocr_line' id='line_1_31' title="bbox 571 2398 1704 2454; baseline 0.001 -16"><span class='ocrx_word' id='word_1_199' title='bbox 571 2398 706 2449; x_wconf 83' lang='lat' dir='ltr'>Quem</span> <span class='ocrx_word' id='word_1_200' title='bbox 735 2414 858 2454; x_wconf 87' lang='lat' dir='ltr'>super</span> <span class='ocrx_word' id='word_1_201' title='bbox 889 2400 1046 2439; x_wconf 85' lang='lat' dir='ltr'>auratis</span> <span class='ocrx_word' id='word_1_202' title='bbox 1081 2400 1269 2454; x_wconf 86' lang='lat' dir='ltr'>aquilam</span> <span class='ocrx_word' id='word_1_203' title='bbox 1299 2399 1572 2454; x_wconf 84' lang='lat' dir='ltr'>suspenderat</span> <span class='ocrx_word' id='word_1_204' title='bbox 1604 2399 1704 2449; x_wconf 85' lang='lat' dir='ltr'>alis,</span> 
     </span>
     <span class='ocr_line' id='line_1_32' title="bbox 574 2461 1689 2519; baseline 0.004 -18"><span class='ocrx_word' id='word_1_205' title='bbox 574 2461 745 2516; x_wconf 82' lang='lat' dir='ltr'>Cogitur</span> <span class='ocrx_word' id='word_1_206' title='bbox 778 2464 1020 2505; x_wconf 88' lang='lat' dir='ltr'>innumeras</span> <span class='ocrx_word' id='word_1_207' title='bbox 1059 2466 1105 2504; x_wconf 92' lang='lat' dir='ltr'>in</span> <span class='ocrx_word' id='word_1_208' title='bbox 1141 2479 1182 2504; x_wconf 91' lang='lat' dir='ltr'>se</span> <span class='ocrx_word' id='word_1_209' title='bbox 1226 2465 1379 2504; x_wconf 88' lang='lat' dir='ltr'>sentire</span> <span class='ocrx_word' id='word_1_210' title='bbox 1416 2478 1601 2514; x_wconf 89' lang='lat' dir='ltr'>secures,</span> <span class='ocrx_word' id='word_1_211' title='bbox 1684 2515 1689 2519; x_wconf 22' lang='grc' dir='ltr'><strong>Δ</strong></span> 
     </span>
     <span class='ocr_line' id='line_1_33' title="bbox 571 2527 1756 2586; baseline 0.001 -17"><span class='ocrx_word' id='word_1_212' title='bbox 571 2527 956 2586; x_wconf 46' lang='lat' dir='ltr'>‚Fragminibusque</span> <span class='ocrx_word' id='word_1_213' title='bbox 996 2531 1109 2571; x_wconf 87' lang='lat' dir='ltr'>dolet</span> <span class='ocrx_word' id='word_1_214' title='bbox 1138 2531 1248 2584; x_wconf 77' lang='lat' dir='ltr'>ignis</span> <span class='ocrx_word' id='word_1_215' title='bbox 1283 2530 1402 2570; x_wconf 88' lang='lat' dir='ltr'>cibus</span> <span class='ocrx_word' id='word_1_216' title='bbox 1437 2543 1522 2570; x_wconf 88' lang='lat' dir='ltr'>esse</span> <span class='ocrx_word' id='word_1_217' title='bbox 1561 2529 1756 2579; x_wconf 82' lang='lat' dir='ltr'>minutis,</span> 
     </span>
    </p>
   </div>
  </div>
 </body>
</html>
