2395 3251
439 1361 521 1399 150

433 2072 515 2111 160

1275 372 1316 403 12

557 452 635 492 Hie
665 451 803 491 obstat
837 449 989 489 Comiti
1023 462 1077 489 ne
1111 448 1218 489 vires
1251 447 1477 489 transferat
1510 449 1653 498 ultra;

555 504 661 556 Tam
699 515 811 555 bona
845 529 899 555 ne
929 519 1074 569 pereat
1104 514 1182 554 sub
1224 514 1368 554 eodem
1406 514 1508 563 villa
1543 514 1706 565 furore,

556 581 689 622 Cedat
717 586 759 621 et
789 581 963 635 indigno
996 580 1172 621 victoria
1200 584 1323 620 tanta
1355 578 1542 634 repente.

613 646 649 686 T
654 660 735 686 unc
770 645 942 686 Comitis
977 651 1121 686 votum
1152 659 1242 700 spes
1272 644 1505 698 intercepta
1534 642 1682 684 fefellit

555 711 611 752 Et
640 710 811 750 fortuna
849 710 998 765 pedem
1033 715 1144 750 retro
1180 709 1295 749 dedit
1313 739 1324 759 ‚
1362 709 1480 749 obice
1514 723 1659 763 parvo.

556 775 665 817 Civis
700 775 812 815 enim
843 781 990 815 cautus
1021 780 1168 829 pontes
1191 773 1284 829 jam
1318 779 1490 828 ruperat
1524 787 1689 824 omnes,

553 840 726 880 Damnis
761 840 918 879 damna
952 852 1102 879 cavens
1120 870 1131 889 ,
1166 837 1329 895 majora
1357 839 1589 878 minoribus
1607 870 1619 889 ,
1653 844 1701 879 ut
1735 853 1777 878 se

555 904 772 945 Castoreus
812 904 991 959 propriis
1022 905 1253 944 ementulat
1287 905 1499 959 unguibus
1533 905 1645 959 ipse,

553 971 614 1011 Ne
649 971 798 1025 perdat
832 976 969 1010 totum
986 1002 998 1021 ,
1037 971 1197 1010 malens
1236 971 1429 1010 amittere
1463 975 1651 1025 partem,

553 1036 704 1090 Ignoto
743 1036 863 1076 nobis
901 1042 1066 1076 naturae
1097 1050 1269 1076 munere
1305 1036 1451 1076 doctus

553 1101 647 1140 Non
680 1101 836 1141 instare
867 1101 945 1141 sibi
984 1115 1060 1156 pro
1100 1115 1141 1141 se
1173 1101 1382 1141 venabula
1399 1132 1410 1151 ,
1445 1115 1522 1141 nec
1552 1115 1594 1141 se

552 1165 734 1221 Corpore
763 1180 840 1221 pro
869 1172 957 1206 toto
992 1166 1243 1207 venantibus
1272 1180 1356 1205 esse
1385 1166 1613 1220 petendum
1632 1197 1643 1216 ,

552 1230 632 1270 Sed
672 1245 747 1285 pro
787 1236 906 1285 parte
937 1231 1000 1270 sui
1039 1231 1106 1270 cui
1142 1231 1219 1270 scit
1251 1230 1511 1270 medicamen
1541 1231 1688 1271 inesse.

553 1294 763 1335 Continuo
798 1295 892 1335 fessi
927 1301 1140 1335 metantur
1176 1302 1313 1336 castra
1347 1296 1424 1335 sub
1458 1296 1546 1351 ipso

552 1359 731 1414 Vespere
765 1374 839 1414 per
873 1360 985 1414 ripas
1015 1360 1184 1414 lateque
1218 1360 1458 1415 patentibus
1498 1362 1605 1402 arvis
1626 1392 1637 1411 ‚

552 1423 798 1479 Oblatisque
834 1425 961 1474 cibis,
1000 1431 1041 1465 et
1075 1440 1220 1465 somno
1260 1440 1435 1481 corpora
1475 1434 1640 1468 curant.

550 1488 618 1528 Sic
657 1489 820 1528 obsessa
854 1488 935 1529 fuit
969 1490 1112 1529 multis
1144 1489 1320 1530 Corbcia
1355 1492 1501 1532 diebus

550 1552 905 1609 Magnanimoque
941 1553 990 1594 fit
1028 1555 1121 1595 haec
1156 1569 1219 1595 res
1258 1556 1439 1611 denique
1472 1563 1575 1597 nota
1603 1557 1816 1612 Philippo.

607 1679 718 1718 Dum
749 1685 872 1733 parat
902 1693 1001 1733 ergo
1032 1679 1178 1719 Comes
1212 1681 1319 1720 acies
1348 1682 1574 1723 transferre
1608 1698 1681 1738 per
1712 1698 1878 1724 amnem

550 1743 607 1784 Ut
636 1757 837 1797 magnum
876 1744 1025 1783 turmis
1065 1744 1328 1798 cingentibus
1363 1748 1550 1802 undique
1584 1750 1761 1789 burcum
1816 1749 1914 1802 (sic)

549 1809 732 1863 Impiger
767 1809 984 1859 obsideat,
1022 1810 1155 1849 missis
1193 1824 1218 1850 a
1251 1811 1367 1865 Rege
1396 1814 1591 1868 maniplis

549 1874 611 1914 Ac
649 1875 839 1928 equitum
874 1875 1015 1914 cuneis
1028 1905 1038 1924 ,
1078 1881 1260 1915 castrum
1295 1879 1484 1919 munitur
1517 1886 1559 1920 et
1597 1881 1721 1920 armis
1741 1912 1751 1930 ,

546 1940 601 1980 Et
635 1940 781 1990 rebus3
821 1941 972 1994 quibus
1011 1940 1182 1981 obsessis
1216 1942 1393 1983 audacia
1427 1946 1588 1985 crescit.

548 2004 750 2043 Exultant
783 2005 889 2044 cives
909 2036 920 2054 ,
958 2005 1205 2059 comitisque
1241 2006 1475 2048 furentibus
1515 2016 1632 2050 extra

548 2069 818 2124 Agminibus‚
856 2071 962 2110 vires
997 2076 1038 2110 et
1075 2071 1187 2110 bella
1216 2071 1454 2126 frequentia
1491 2075 1680 2121 miscent.

604 2265 672 2305 Nil
712 2266 772 2304 ita
803 2264 1022 2319 proficiens
1054 2264 1222 2314 Comes,
1257 2271 1298 2306 et
1337 2280 1421 2306 non
1457 2267 1615 2323 absque
1652 2269 1809 2323 pudore

543 2330 647 2370 Inde
682 2345 913 2370 recessurus
931 2362 942 2381 ,
980 2331 1139 2385 equites
1175 2332 1248 2385 qui
1283 2332 1510 2385 posteriora

547 2393 730 2447 Agmina
770 2401 1035 2445 conservent,
1075 2410 1128 2436 ne
1166 2397 1340 2451 prodeat
1377 2397 1506 2438 hostis
1526 2430 1536 2449 ,
1575 2406 1617 2439 et
1655 2401 1752 2454 ipsis

546 2459 726 2500 Vulnere
760 2460 984 2501 damnifico
1004 2493 1014 2511 ‚
1051 2467 1256 2516 tanquam
1290 2461 1569 2517 fugientibus,
1608 2465 1733 2505 instet
1752 2495 1762 2513 ‚
