2395 3251
1273 381 1316 414 40

436 464 520 502 561)
552 480 568 499 »
599 463 680 514 Qui
717 466 856 500 nostro
892 460 936 499 in
972 473 1100 513 regno
1136 459 1264 514 quam
1299 458 1488 513 pluribus
1524 459 1664 498 exulat
1698 458 1818 498 annis
1831 488 1842 508 ‚

553 545 570 563 »
601 528 649 566 ln
686 525 834 565 melius
868 530 1060 564 mutante
1093 530 1248 565 statum
1279 523 1370 580 jam
1401 530 1509 564 sorte
1542 524 1727 578 benigna
1746 555 1756 574 ‚

549 611 567 629 »
597 592 649 631 Et
684 606 758 631 nos
793 591 1052 645 propositum
1087 596 1276 630 nostrum
1311 595 1517 630 mutemus
1553 594 1730 643 oportet.

550 675 567 694 »
598 657 763 696 Damna
798 656 1038 697 carinarum
1073 655 1178 695 mihi
1213 668 1317 709 quas
1354 655 1568 695 Feri-ande
1601 654 1734 694 tulisti

552 740 569 759 »
601 722 758 775 Brugia
791 721 1003 771 restituet,
1043 726 1085 760 et
1120 734 1223 773 quos
1257 720 1302 759 in
1337 721 1476 761 vincla
1509 726 1698 760 tenemus

550 806 567 825 »
598 787 823 841 Sexaginta
856 787 988 836 viros,
1026 800 1130 840 quos
1165 786 1300 839 gloria
1334 784 1469 841 major
1501 786 1704 836 honorat,

549 871 566 890 »
596 853 711 892 Inter
746 866 813 891 eos
848 852 961 891 omni
997 851 1070 905 qui
1105 865 1147 890 se
1182 865 1258 905 pro
1294 852 1384 891 cive
1418 851 1628 904 ligarunt,

550 936 567 955 »
597 918 727 956 Millia
762 916 1033 957 marcharum
1063 916 1167 956 mihi
1203 916 1419 970 sexaginta
1452 916 1647 965 daturos,

550 1002 567 1021 »
598 983 766 1037 Proque
801 983 883 1022 suis
918 996 1023 1037 quos
1057 982 1167 1022 victa
1201 981 1315 1021 dedit
1345 980 1584 1021 concivibus
1618 980 1734 1035 Ypra

550 1066 567 1086 »
598 1048 701 1088 AEra
735 1048 940 1087 soluturos
976 1047 1052 1087 sub
1087 1047 1233 1087 eodem
1262 1046 1446 1100 pondere
1478 1045 1621 1095 nobis,

436 1117 519 1155 570
552 1132 568 1151 »
599 1114 689 1153 Non
725 1113 863 1152 minus
895 1112 988 1152 haec
1023 1112 1167 1152 eadem
1199 1125 1273 1151 nos
1310 1111 1466 1151 damna
1498 1110 1640 1150 tulisse
1674 1110 1846 1150 dolebit.

553 1197 569 1215 »
598 1178 653 1218 Et
687 1178 788 1231 quia
822 1176 988 1217 difficile
1023 1182 1084 1216 est
1117 1177 1300 1230 reliquas
1334 1176 1509 1215 educere
1542 1181 1690 1229 portu,

551 1262 568 1280 »
601 1242 779 1296 Anglica
814 1241 910 1282 cum
946 1242 1085 1281 classis
1119 1241 1257 1281 aditus
1288 1240 1495 1290 observet,
1533 1246 1575 1279 et
1608 1253 1773 1293 aequor,

552 1326 569 1344 »
602 1308 683 1347 Vec
723 1307 792 1347 via
827 1307 879 1345 sit
918 1306 1057 1360 pelagi
1092 1306 1242 1345 nostris
1276 1305 1384 1345 bene
1419 1305 1589 1358 cognita
1622 1304 1826 1343 Francis:

551 1391 568 1410 »
599 1372 753 1413 Omnes
787 1371 1005 1425 praecipio,
1049 1371 1174 1411 rebus
1214 1361 1329 1424 prius
1369 1375 1613 1408 exoneratas

551 1455 568 1474 »
600 1436 804 1476 Omnibus
814 1467 825 1485 ,
865 1436 908 1475 in
941 1436 1124 1475 cinerem
1159 1434 1312 1488 redigi,
1354 1448 1433 1473 nec
1467 1434 1520 1473 sit
1550 1447 1667 1472 mora
1704 1434 1836 1482 dicto,

551 1519 568 1538 »
600 1501 713 1552 Quin
743 1514 886 1540 omnes
921 1500 1045 1540 hodie
1083 1500 1247 1541 videam
1282 1498 1405 1538 simul
1440 1498 1536 1551 igne
1576 1498 1767 1537 cremari.

551 1583 568 1602 »
598 1565 683 1604 Nec
713 1569 862 1619 reputo
896 1563 1097 1604 damnum
1132 1563 1247 1618 quod
1282 1577 1379 1618 pars
1415 1562 1588 1602 adversa
1625 1563 1814 1602 resarcit.

551 1649 568 1667 »
599 1631 659 1669 De
699 1630 870 1683 proprio
906 1635 949 1668 et
986 1629 1144 1682 triplici
1180 1629 1357 1668 redeunt
1392 1628 1612 1682 dispendia
1647 1629 1778 1668 lucro.

551 1714 568 1732 »
598 1695 801 1735 Flandria
834 1700 924 1734 tota
959 1693 1045 1733 fere
1076 1694 1227 1733 nostris
1255 1692 1347 1748 jam
1386 1693 1574 1747 subjacet
1612 1693 1758 1741 armis,

436 1763 518 1801 580
551 1779 567 1798 »
597 1760 651 1799 Et
685 1759 800 1814 quod
830 1758 970 1799 adhuc
1000 1764 1172 1813 superat
1201 1758 1299 1798 satis
1334 1764 1394 1797 est
1429 1758 1663 1812 superabile
1698 1758 1834 1798 nobis.

550 1844 567 1862 »
597 1824 690 1876 Quo
732 1825 839 1864 bene
874 1823 1081 1878 completo
1115 1823 1270 1877 poterit
1304 1823 1477 1863 victoria
1510 1822 1607 1861 talis

550 1908 566 1927 »
598 1889 792 1929 Sufficere
827 1888 882 1929 ad
917 1902 1117 1942 praesens,
1156 1887 1300 1941 magni
1330 1893 1391 1928 est
1426 1888 1529 1927 mihi
1567 1902 1692 1928 causa
1731 1888 1934 1942 triumphi

551 1972 568 1991 »
600 1954 724 2005 Quod
757 1954 954 2007 Regnum
994 1952 1228 2007 Anglorum
1262 1966 1338 2008 per
1373 1966 1447 1992 nos
1485 1953 1564 1992 sibi
1601 1953 1738 1993 Roma
1773 1953 1951 2006 subegit,

608 2088 743 2138 Dixit,
782 2093 823 2127 et
858 2093 906 2128 ut
941 2087 1100 2127 dictum
1136 2101 1200 2127 res
1235 2094 1296 2128 est
1329 2090 1469 2142 regale
1508 2096 1663 2130 secuta.

549 2154 659 2194 Hinc
692 2152 802 2202 abit,
838 2158 881 2192 et
916 2152 1102 2206 geminas
1142 2151 1298 2209 faciens
1329 2154 1595 2207 properando
1630 2154 1795 2204 diaetas,

550 2220 772 2260 Gandavos
812 2218 965 2258 iterum
1000 2218 1145 2258 reduci
1179 2219 1333 2272 premit
1368 2219 1535 2272 agmine
1571 2233 1730 2270 muros,

548 2285 661 2336 Quos
702 2284 780 2324 sibi
813 2298 908 2323 cum
944 2289 1069 2338 pacto
1104 2283 1238 2323 subici
1277 2283 1441 2324 fecisset
1480 2285 1625 2325 eodem

552 2348 711 2402 Brugia
745 2362 829 2403 quo
865 2362 907 2388 se
942 2348 1005 2387 illi
1040 2362 1176 2403 nuper
1210 2347 1410 2404 subjecit,
1450 2356 1491 2389 et
1530 2349 1661 2404 Ypra.

551 2413 905 2453 Audenardenum
941 2418 1097 2467 praeter
1126 2413 1240 2468 rapit
1275 2414 1446 2468 agmina
1487 2420 1689 2465 castrum,

436 2481 520 2520 ‘590
552 2477 722 2522 Dedidit
755 2478 1001 2539 Arnulphus
1041 2479 1158 2533 quod
1193 2493 1289 2519 mox
1327 2479 1581 2522 indemniter
1618 2481 1699 2532 illi,
