2395 3251
1291 425 1356 456 112

463 501 571 544 1630
602 502 882 543 Damnificare
921 517 994 542 suo
1040 508 1302 558 cognataque
1341 507 1512 557 pectora
1551 501 1659 542 ferro

599 567 736 607 Hostis
779 568 1010 608 amicorum
1053 568 1287 623 patriaeque
1332 581 1475 607 exosus
1520 567 1732 617 alumnos,

596 632 681 672 Nec
723 633 849 687 patrii
894 633 1070 674 dulcedo
1112 633 1208 684 soli,
1255 647 1331 673 nec
1377 631 1590 686 sanguinis
1626 632 1715 671 ulla

597 696 837 738 Communis
880 699 1035 753 pietas,
1079 713 1156 738 nec
1200 699 1346 738 amicae
1385 697 1555 737 vincula
1594 697 1755 746 carnis,

595 762 681 803 Nec
719 762 827 817 Regi
867 769 909 803 et
947 764 1114 804 domino
1153 762 1312 819 juratio
1358 764 1549 817 praestita
1592 763 1753 803 dudum

594 829 852 881 Mollierant,
902 830 1036 869 diram
1076 829 1289 869 fundendo
1329 827 1355 868 a
1397 829 1605 882 sanguine
1648 833 1830 868 mentem

592 892 677 931 Nec
719 893 831 932 vinci
870 891 896 931 a
940 906 1155 947 quoquam
1192 892 1322 933 virtus
1360 894 1532 934 effraena
1577 894 1760 944 sinebat,

594 957 648 996 Et
686 958 924 1013 cuicunque
968 973 1141 999 manum
1173 958 1379 1015 junxisset
1417 960 1550 1000 victor
1594 959 1754 1000 abibat.

592 1022 697 1063 Tam
740 1030 884 1075 caute,
931 1030 1019 1064 tam
1057 1038 1099 1064 se
1137 1025 1366 1080 prudenter
1403 1024 1555 1079 agebat
1599 1024 1644 1065 in
1665 1024 1814 1074 armis,

589 1087 695 1128 Tam
740 1089 900 1143 liquido
941 1090 1114 1130 Francis
1153 1091 1324 1132 traxisse
1367 1091 1611 1146 parentibus
1651 1096 1789 1130 ortum

455 1152 562 1192 1640
595 1152 886 1207 Belligerando
930 1155 1068 1209 ipsum
1112 1156 1298 1210 probitas
1337 1156 1486 1196 innata
1523 1154 1733 1210 probabat

588 1218 927 1274 Degeneremque
967 1221 1066 1260 licet
1108 1221 1185 1260 tibi
1229 1223 1354 1276 culpa
1398 1221 1580 1261 effecerit
1623 1221 1782 1275 ipsum,

531 1284 543 1299 ²
588 1282 680 1322 Non
720 1289 862 1324 tamen
906 1285 1023 1324 istius
1067 1286 1224 1340 pudeat
1261 1293 1303 1326 te
1346 1287 1526 1327 Francia
1570 1287 1726 1340 culpae,

586 1347 671 1387 Nec
713 1347 839 1388 facies
883 1364 1006 1404 super
1044 1350 1125 1389 hoc
1162 1352 1312 1392 rubeat
1353 1358 1441 1392 tua.
1477 1353 1569 1393 Non
1613 1353 1736 1393 modo
1779 1353 1961 1407 primum

585 1411 799 1466 Incipiunt
839 1419 983 1467 partus
1027 1416 1286 1468 parientibus
1332 1431 1417 1457 esse
1452 1418 1617 1471 pudori.

584 1477 703 1531 Saepe
742 1478 790 1517 fit
830 1483 878 1518 ut
922 1479 1060 1532 pariat
1105 1494 1251 1534 pravos
1296 1483 1408 1523 bona
1451 1489 1586 1523 mater
1629 1484 1840 1534 alumnos,

581 1542 635 1582 Et
679 1544 791 1583 mala
828 1544 936 1599 saepe
969 1559 1120 1599 parens
1150 1553 1313 1587 sanctos
1349 1549 1426 1588 alit
1467 1548 1596 1588 ubere
1634 1553 1770 1588 natos.

582 1607 631 1647 In
676 1609 863 1663 peditum
904 1611 1013 1650 vallo
1056 1612 1209 1652 totiens
1248 1613 1420 1668 impune
1463 1618 1655 1667 receptus

579 1674 702 1714 Nulla
742 1682 862 1730 parte
904 1676 1048 1716 Comes
1092 1678 1305 1718 metuebat
1348 1679 1402 1718 ab
1449 1679 1567 1718 hoste
1614 1679 1771 1718 necari.

580 1738 773 1779 Hastatos
818 1741 971 1780 etenim
1015 1741 1173 1795 pedites
1219 1743 1415 1784 invadere
1458 1745 1588 1784 nostri

441 1804 548 1845 1650
580 1805 817 1846 Horrebant
857 1807 1035 1861 equites,
1083 1807 1183 1847 dum
1227 1815 1420 1863 pugnant
1458 1809 1623 1849 ensibus
1667 1810 1766 1863 ipsi,

580 1870 719 1924 Atque
758 1871 883 1911 armis
924 1871 1136 1922 brevibus,
1180 1873 1271 1913 illos
1311 1888 1406 1913 vero
1446 1874 1568 1914 hasta
1607 1874 1767 1914 cutellis

579 1935 764 1989 Longior
801 1942 842 1975 et
883 1936 1052 1990 gladiis,
1100 1942 1141 1976 et
1181 1938 1480 1980 inextricabilis
1526 1940 1627 1980 ordo

577 2000 765 2040 Circuitu
804 2001 960 2055 triplici
999 2016 1216 2042 murorum
1258 2004 1406 2044 ductus
1446 2004 1499 2044 ad
1539 2005 1672 2043 instar

576 2066 706 2106 Caute
745 2066 961 2121 dispositos
1002 2082 1086 2107 non
1132 2069 1400 2122 permittebat
1441 2069 1548 2109 adiri

577 2131 681 2182 Quae
725 2146 788 2171 res
838 2138 886 2171 ut
927 2132 1031 2187 Regi
1073 2134 1210 2187 patuit
1248 2139 1312 2173 ter
1351 2133 1465 2173 mille
1511 2134 1681 2174 clientes

574 2196 711 2235 Hastis
754 2202 935 2236 armatos
976 2198 1020 2236 in
1060 2198 1177 2251 equis
1222 2198 1357 2238 emisit
1394 2199 1439 2238 in
1479 2198 1589 2248 illos,

572 2262 628 2302 Ut
668 2262 932 2316 perturbatos
976 2263 1197 2303 stationem
1235 2265 1410 2314 solvere,
1454 2278 1579 2318 seque

573 2328 608 2367 A
653 2335 741 2368 tam
781 2329 977 2383 perplexa
1018 2329 1146 2369 faciat
1186 2330 1327 2370 laxare
1370 2344 1538 2370 corona.

572 2393 763 2433 Exoritur
809 2394 966 2434 clamor
1006 2395 1178 2445 nimius,
1221 2401 1461 2449 stragesque
1500 2395 1723 2436 cadentum

434 2455 542 2499 1660
572 2456 876 2512 Armorumque
922 2458 1062 2514 fragor
1102 2460 1237 2500 audiri
1277 2475 1363 2500 non
1406 2461 1506 2501 sinit
1544 2462 1637 2501 aeris

573 2520 812 2575 Clangentis
853 2523 1048 2563 sonitum.
1094 2524 1215 2565 Cadit
1248 2540 1369 2567 omne
1409 2527 1452 2567 in
1493 2521 1678 2569 vulnera
1707 2529 1873 2583 vulgus,
