2395 3251
1260 414 1325 444 116

434 499 546 541 1710
578 500 685 540 Dum
727 496 851 536 nimis
894 493 1066 534 hostiles
1109 492 1237 532 audet
1276 501 1545 544 perrumpere
1584 492 1764 534 turmas,

574 563 655 615 Qui
701 561 790 600 fieri
835 560 953 599 miles
999 564 1040 597 et
1085 557 1246 610 origine
1291 555 1442 608 dignus
1485 557 1526 591 et
1571 557 1669 591 actu
1678 581 1689 601 ,

573 627 735 668 Charus
773 625 1011 665 habebatur
1055 629 1097 663 et
1141 622 1277 661 clarus
1323 619 1432 672 regis
1481 618 1527 657 in
1572 616 1687 656 aula.

571 692 651 733 Hie
694 705 790 731 eum
828 688 1073 729 Bolonidem
1112 687 1272 727 bellum
1312 697 1513 724 renovare
1558 681 1736 728 videret,

572 759 626 798 Et
664 755 851 797 conferre
893 768 1090 803 manum,
1137 765 1215 791 nee
1262 750 1401 789 adhue
1441 763 1482 789 se
1522 747 1671 788 dedere
1719 744 1824 784 velle

573 823 706 862 Immo
746 819 980 860 renascenti
1026 817 1178 857 virtute
1222 815 1412 854 resistere
1450 812 1620 861 multis,

573 887 788 926 Festinans
830 883 1000 924 accessit
1043 886 1112 932 eo,
1159 881 1352 934 laevaque
1392 879 1545 919 levavit

572 951 798 990 Teeturam
843 948 1014 988 funibus
1054 959 1151 1000 quae
1192 945 1289 984 latis
1332 944 1468 984 ferrea
1509 944 1641 982 latam

573 1015 772 1055 Ventrem
816 1013 928 1053 velat
973 1012 1095 1066 equi,
1144 1016 1373 1066 teneroque
1414 1009 1490 1050 sub
1530 1007 1704 1061 inguine
1750 1006 1896 1046 dextra

576 1081 820 1121 Mueronem
865 1079 1063 1133 impegit,
1110 1083 1150 1117 et
1196 1077 1295 1130 equi
1335 1075 1480 1116 vitalia
1521 1073 1659 1128 rupit,

436 1148 547 1190 1720
578 1147 772 1201 Enseque
811 1150 993 1185 retracto
1033 1145 1118 1183 lato
1157 1142 1369 1182 manantis
1411 1140 1534 1180 hiatu

572 1211 724 1252 Infecit
767 1210 919 1251 virides
961 1208 1143 1262 aspersio
1188 1207 1403 1260 sanguinis
1437 1206 1603 1246 herbas.

576 1277 668 1330 Quo
708 1276 818 1325 viso,
862 1274 1033 1328 quidam
1078 1272 1169 1311 fidis
1211 1285 1260 1310 ex
1299 1270 1388 1326 ejus
1433 1271 1576 1310 amieis

577 1342 777 1392 Advolat,
828 1347 869 1380 et
913 1339 1107 1379 comitem
1151 1336 1311 1391 prensis
1353 1336 1551 1375 ardenter
1588 1334 1765 1374 habenis
1790 1364 1800 1382 ‚

579 1407 800 1447 Invehitur
845 1405 966 1444 dietis
1012 1409 1053 1442 et
1093 1402 1226 1442 amieo
1271 1399 1427 1439 famine
1468 1401 1513 1439 in
1551 1400 1705 1454 ipsum.

578 1471 658 1523 Qui
705 1471 873 1510 nolente
915 1468 1002 1507 Deo
1046 1465 1304 1520 fugientibus
1353 1465 1540 1518 undique
1585 1464 1746 1504 eunetis

577 1536 717 1575 Staret
766 1534 906 1574 adhue
951 1532 1059 1572 solus
1099 1531 1274 1571 victores
1311 1531 1477 1571 vincere
1517 1536 1704 1579 certans,

577 1600 814 1639 Procurans
853 1597 1021 1652 proprio
1067 1595 1231 1635 sibimet
1276 1596 1500 1650 suspendia
1537 1595 1673 1645 facto,

576 1667 669 1706 Non
709 1671 898 1705 metuens
944 1662 1094 1702 merita
1134 1675 1175 1699 se
1220 1662 1486 1715 praecipitare
1529 1662 1674 1711 ruina,

577 1732 715 1784 Quam
759 1731 848 1770 leve
893 1742 988 1768 eum
1029 1726 1201 1779 reliquis
1241 1732 1378 1779 posset
1417 1726 1615 1780 fugiendo
1658 1738 1820 1765 cavere.

440 1800 550 1839 1750
582 1797 704 1837 Talia
747 1794 1034 1850 prosequitur,
1080 1797 1122 1831 et
1166 1805 1262 1830 eum
1306 1804 1381 1845 per
1424 1790 1558 1830 fraena
1597 1803 1779 1830 seorsum

583 1862 799 1902 Nolentem
844 1858 1046 1907 retrahit,
1088 1862 1136 1896 ut
1180 1869 1288 1909 equo
1330 1856 1531 1895 mandare
1571 1860 1723 1896 novato

578 1929 716 1981 Terga
757 1926 868 1980 fugae
908 1924 1055 1974 faeiat,
1105 1923 1173 1962 eui
1210 1927 1299 1961 tota
1343 1926 1481 1960 mente
1521 1921 1696 1970 resistit,

579 1993 616 2032 A
655 1992 766 2032 bello
807 1990 1009 2044 nequiens
1050 1987 1239 2027 animum
1281 1999 1475 2026 revocare
1521 1985 1760 2040 superbum.

587 2074 604 2093 «
625 2056 753 2106 Malo,
798 2054 959 2107 inquit,
1003 2053 1115 2092 salvo
1160 2050 1272 2091 vinci
1300 2051 1530 2104 pugnando
1570 2050 1750 2104 pudore,

582 2140 599 2159 »
629 2121 776 2161 Vivere
821 2132 951 2172 quam
991 2116 1189 2170 fugiens:
1239 2115 1368 2155 vitam
1413 2122 1617 2170 postpono
1661 2115 1831 2170 pudori,

580 2206 597 2226 »
627 2188 677 2227 In
716 2185 875 2226 bellum
915 2183 1062 2233 redeo,
1106 2180 1309 2235 quiequid
1348 2181 1453 2220 mihi
1498 2180 1587 2220 fata
1624 2181 1852 2220 minentur.
1888 2196 1904 2215 »

638 2253 829 2300 Dixerat,
879 2255 923 2289 at
962 2247 1099 2288 nervis
1131 2245 1223 2302 jam
1263 2260 1304 2285 se
1345 2245 1585 2285 laxantibus
1626 2245 1738 2285 ultra

580 2321 697 2359 Stare
737 2316 941 2370 nequibat
978 2328 1129 2367 equus,
1170 2318 1272 2351 tune
1310 2310 1550 2351 Condunita
1591 2309 1806 2349 Johannes

584 2383 818 2423 Adveniens
863 2394 957 2420 eum
998 2378 1128 2418 fratre
1161 2391 1234 2416 suo
1272 2377 1475 2429 Quenone
1493 2407 1505 2426 ,
1549 2375 1786 2430 frequentes

446 2450 555 2489 1740
585 2447 852 2502 Ingeminant
897 2446 1002 2486 ictus
1047 2444 1188 2485 comiti
1227 2457 1331 2484 cava
1369 2448 1559 2496 tempora
1603 2442 1761 2481 circum
1772 2471 1782 2490 ,

586 2512 772 2565 Cumque
818 2511 901 2551 suis
956 2511 1091 2564 ipsum
1129 2515 1293 2550 vectore
1334 2514 1375 2548 et
1409 2507 1541 2547 milite
1581 2505 1723 2561 pronis
