2395 3251
1279 409 1322 441 98

448 486 560 529 1430
590 488 670 528 Per
707 487 890 529 medium
919 486 1074 529 frustra
1106 501 1275 543 sperans
1313 488 1497 543 impunis
1532 488 1668 539 abire,

450 1209 561 1247 1440

586 553 722 607 Inque
753 552 891 609 ipsum
929 553 1089 609 Regem
1123 553 1247 595 simili
1283 554 1426 596 saevire
1459 553 1628 609 fiagello
1640 586 1652 605 ,

588 618 723 670 Quem
762 618 1080 660 circumvallant
1113 617 1355 660 furibundae
1388 620 1523 660 millia
1556 619 1706 674 gentis.

586 682 667 722 Hic
700 683 818 724 clava
850 683 1103 735 horrendus,
1140 684 1212 725 hic
1241 684 1515 727 formidabilis
1550 700 1668 736 ense,

588 746 669 787 Hic
707 748 898 799 sudibus,
940 749 1032 789 telis
1066 749 1138 789 hic
1175 749 1365 801 dimicat,
1407 751 1478 792 ille
1516 751 1713 806 bipenni,

588 811 668 852 Hic
696 813 896 864 verubus,
934 813 1078 853 cultris
1112 813 1219 854 alter
1252 814 1518 856 subularibus
1558 821 1696 856 arctas

588 877 808 918 Scrutatur
847 879 1019 918 thorace
1057 878 1163 929 vias,
1206 879 1421 934 galeaeque
1451 878 1641 919 fenestris

589 942 683 995 Qua
717 941 827 983 ferro
866 949 1006 999 queat·
1029 944 1211 984 immisso
1248 944 1460 985 terebrare
1489 944 1722 985 cerebrum.

646 1077 730 1118 Nec
767 1079 905 1119 minus
938 1078 1148 1120 Othonem
1187 1079 1388 1135 pergebat
1422 1078 1537 1119 adire
1571 1077 1813 1132 Philippus,

590 1142 658 1183 Nil
691 1143 807 1184 aliud
842 1145 1033 1199 cupiens,
1076 1144 1157 1185 nisi
1192 1145 1267 1185 soli
1301 1145 1429 1200 possit
1467 1151 1515 1186 ut
1548 1144 1648 1199 ipsi,

594 1207 714 1249 Alter
747 1215 797 1249 ut
832 1211 986 1251 AEneas
1021 1210 1189 1262 Turno,
1232 1224 1423 1266 pugnare
1457 1210 1654 1250 secundo.

591 1273 647 1313 Et
677 1272 769 1329 jam
809 1275 1018 1315 destructo
1057 1276 1193 1330 primo
1227 1276 1273 1316 in
1312 1277 1541 1316 certamine
1575 1275 1710 1324 vallo,

590 1337 902 1394 Hastigerisque
934 1340 1032 1381 viris
1066 1340 1229 1381 diversa
1267 1346 1404 1394 strage
1439 1340 1684 1395 peremptis,

592 1401 675 1442 Per
707 1404 864 1444 medios
903 1405 1062 1458 equites
1091 1403 1184 1459 jam
1217 1403 1445 1445 festinabat
1479 1406 1534 1446 ad
1568 1406 1719 1459 ipsum.

591 1467 672 1507 Sed
705 1468 844 1508 neutri
878 1469 933 1508 ad
966 1468 1177 1523 reliquum
1214 1474 1276 1509 est
1308 1470 1376 1509 via
1408 1469 1544 1510 libera
1574 1475 1661 1509 tam
1698 1469 1927 1523 glomerato

592 1530 794 1586 Agmine,
831 1540 920 1574 tam
948 1533 1109 1590 junctis
1142 1549 1239 1590 pars
1272 1540 1455 1589 utraque
1487 1534 1660 1574 dimicat
1698 1534 1838 1574 armis.

591 1596 846 1639 Sternuntur
879 1599 1039 1654 plures,
1079 1600 1149 1640 sed
1184 1606 1341 1654 strages
1375 1600 1732 1640 Theutonieorum

591 1659 768 1702 Densior
802 1669 882 1714 est,
921 1663 1016 1703 cum
1054 1679 1170 1704 more
1202 1679 1276 1704 suo
1313 1665 1528 1706 Barrensis
1561 1667 1607 1706 in
1641 1666 1733 1705 illos

593 1726 747 1767 Saeviat
783 1728 1051 1783 impinguans
1085 1729 1214 1770 effuso
1247 1731 1452 1784 sanguine
1486 1745 1678 1785 campos,

592 1790 649 1831 Et
686 1791 835 1832 Petrus
873 1793 1172 1846 Maleveeinus,
1210 1794 1412 1850 fortisque
1447 1794 1670 1845 Girardus,

453 1854 566 1896 1450
596 1854 634 1895 A
664 1869 736 1896 sue
771 1870 1004 1911 cognomen
1038 1872 1125 1900 non
1158 1859 1407 1914 dedignatus
1441 1860 1613 1900 habere.

596 1921 702 1962 Cum
736 1922 909 1977 reliquis
943 1938 1122 1979 quorum
1156 1939 1272 1965 mens
1305 1925 1417 1966 vinci
1452 1926 1611 1976 nescia,
1650 1925 1783 1965 solum

595 1986 747 2041 Optat,
786 1993 834 2028 ut
868 1994 942 2028 aut
976 1990 1141 2040 vincat,
1180 1995 1253 2030 aut
1286 1990 1515 2045 pugnando
1547 1989 1767 2030 moriatur.

595 2050 708 2102 Quos
743 2057 891 2091 contra
924 2067 1060 2093 comes
1093 2054 1205 2094 Otho
1240 2054 1360 2105 furit,
1400 2056 1468 2095 cui
1500 2055 1866 2109 Tinqueneburgis

594 2114 778 2155 Parebat
810 2117 944 2170 regio,
985 2116 1226 2159 Guerardus
1259 2119 1615 2170 Randerodensis,

593 2179 650 2220 Et
683 2194 768 2234 quo
801 2180 1080 2222 Theutonicos
1114 2183 1225 2222 inter
1259 2184 1526 2237 praestantior
1557 2185 1668 2224 ullus

595 2243 689 2284 Non
723 2250 835 2296 erat,
872 2252 946 2285 aut
980 2245 1114 2302 major
1148 2247 1365 2298 membris,
1406 2254 1480 2288 aut
1513 2249 1660 2298 corde,
1696 2249 1899 2291 Girardus
1911 2281 1922 2300 ‚

597 2310 837 2351 Hostimalis
872 2318 1019 2352 contra
1051 2312 1233 2353 Francos
1268 2313 1438 2355 emissus
1471 2314 1526 2356 ab
1566 2315 1672 2356 oris:

597 2374 680 2426 Qui
714 2381 846 2417 tantae
881 2375 1026 2427 famae,
1064 2378 1137 2432 qui
1173 2378 1282 2418 tanti
1317 2378 1497 2419 nominis
1533 2385 1647 2429 erat,

598 2439 657 2480 Ut
693 2441 762 2480 vix
796 2441 1006 2483 Othonem
1040 2443 1220 2483 Saxonia
1255 2442 1454 2498 praeferat
1487 2444 1565 2484 illi.

458 2504 571 2545 1460
598 2503 897 2560 Innumerique
938 2508 1010 2547 alii
1046 2509 1144 2561 qui,
1183 2509 1283 2549 dum
1317 2509 1492 2552 victoria
1525 2516 1649 2551 nutat
1704 2505 1708 2509 ’
