2395 3251
1274 356 1318 388 80

558 440 772 495 Sanguine
806 436 1058 492 productum
1089 433 1277 490 superari
1312 433 1339 474 a
1374 431 1509 488 plebis
1545 431 1718 473 alumno

560 506 727 546 Immoti
762 503 940 545 statione
975 515 1051 543 sua
1083 514 1170 542 non
1204 498 1387 554 segniter
1422 496 1517 538 illos

559 571 786 625 Excipiunt
803 599 816 620 ,
854 571 1130 622 sternuntque
1165 564 1220 606 ab
1254 564 1373 619 equis
1389 593 1401 614 ,
1434 563 1659 618 pluresque
1693 575 1772 603 nec
1805 560 1888 601 illis

420 638 530 679 5150
562 636 825 677 Parcendum
860 635 1021 676 ducunt
1056 631 1219 674 famuli.
1257 629 1340 671 Sed
1371 629 1553 683 turpiter
1588 627 1682 668 illos

563 704 660 743 Jam
694 700 958 756 perturbatos
991 698 1212 739 stationem
1245 695 1402 737 solvere
1438 699 1594 749 cogunt
1613 725 1625 745 ,

564 768 700 821 Seque
733 766 863 806 velint
895 764 1034 804 nolint
1067 761 1304 803 defendere.
1351 760 1503 815 Sicque
1537 759 1736 814 superbos

565 831 791 872 Nobilitate
824 829 955 879 viros,
995 832 1038 868 et
1070 825 1288 883 majestate
1324 825 1546 875 verendos,

564 896 655 935 Non
691 894 841 949 puduit
874 893 1043 934 demum
1076 904 1268 946 pugnare
1303 890 1536 931 minoribus
1570 890 1670 944 ipsis
1690 920 1702 941 ,

564 960 845 1014 Afficiuntque
878 958 971 999 illos
1005 963 1133 1012 atque
1166 956 1406 999 afficiuntur
1437 957 1493 997 ab
1527 956 1613 996 illis

568 1026 722 1066 letibus
756 1030 799 1065 et
832 1024 980 1080 plagis.
1022 1023 1206 1064 Famulis
1240 1023 1312 1064 sed
1346 1022 1528 1076 denique
1562 1021 1736 1076 spretis,

566 1092 620 1131 Et
655 1105 784 1145 genus
817 1095 859 1130 et
892 1103 1068 1145 proavos
1102 1088 1315 1130 Eustatius
1348 1089 1376 1129 a
1408 1087 1660 1143 Maquelinis

568 1158 650 1209 Qui
684 1156 816 1197 trahit
849 1157 1053 1212 egregios,
1092 1169 1134 1195 se
1168 1156 1346 1195 contulit
1380 1167 1551 1209 aequore
1586 1154 1715 1208 plano

568 1222 726 1276 Saepius
760 1221 814 1262 ad
847 1227 1025 1261 mortem
1058 1220 1317 1261 Francorum
1352 1233 1451 1259 voce
1487 1218 1683 1272 superba.

432 1287 540 1329 1180
572 1286 840 1341 Ingeminans
874 1286 1062 1340 sequitur
1094 1284 1289 1325 Galterus
1323 1299 1420 1325 eum
1453 1283 1669 1324 Buridano
1688 1313 1699 1332 ‚

571 1351 649 1392 Hic
682 1351 734 1391 de
768 1350 991 1401 Guistella,
1027 1351 1079 1390 de
1112 1350 1264 1390 Furnis
1298 1355 1472 1391 venerat
1504 1350 1575 1390 ille
1595 1381 1605 1399 ‚

570 1415 874 1469 Flandrinique
909 1415 1092 1470 equites,
1130 1415 1273 1454 odium
1308 1415 1460 1469 quibus
1494 1413 1688 1467 improba
1721 1413 1849 1467 Regis

569 1480 770 1520 Flandria
803 1480 1061 1534 magmanini
1095 1480 1248 1519 teneris
1282 1479 1437 1520 infudjt
1472 1480 1526 1521 ab
1565 1479 1687 1519 annis
1707 1510 1718 1529 ,

573 1546 774 1586 Militibus
803 1552 1033 1601 properant
1065 1546 1212 1600 rapido
1246 1559 1464 1586 occursare
1498 1545 1656 1586 volatu.

630 1611 810 1665 Jamque
843 1611 1136 1666 perhorruerat
1169 1612 1369 1651 lituorum
1405 1610 1578 1663 clangor
1596 1640 1607 1659 ,
1646 1615 1688 1649 et
1722 1622 1864 1649 omnes

574 1676 684 1715 Hinc
719 1681 847 1729 atque
880 1674 978 1715 inde
1012 1675 1121 1715 acies
1155 1675 1390 1714 commixtae
1427 1674 1473 1713 in
1508 1673 1596 1713 fata
1632 1673 1839 1723 ruebant3

578 1740 804 1780 Harnensis
838 1739 1019 1780 Michael
1052 1738 1253 1779 clamanti
1286 1737 1435 1778 funera
1468 1737 1640 1778 Francis

578 1805 732 1845 Obviat
750 1837 762 1855 ‚
801 1811 842 1846 et
879 1805 1061 1846 medium
1097 1805 1207 1846 forat
1239 1803 1351 1844 illius
1386 1802 1531 1856 aegidis
1565 1802 1689 1842 hasta

581 1869 654 1909 Ast
690 1870 809 1910 illum
846 1870 1018 1910 inferius
1054 1870 1267 1911 Eustatius
1301 1869 1495 1924 impetit,
1534 1874 1664 1922 atque

439 1936 551 1978 1170
581 1935 661 1974 Per
696 1936 862 1985 sellam,
901 1950 976 1991 per
1011 1936 1108 1990 equi
1144 1941 1276 1976 costas
1311 1935 1399 1989 agit
1432 1935 1647 1989 improbus
1679 1934 1843 1975 hastam
1862 1965 1873 1984 ,

580 2001 634 2040 Et
669 2002 826 2041 domini
861 2015 936 2056 per
973 2008 1200 2056 utrumque
1233 2000 1368 2041 femur
1401 2000 1514 2041 cadit
1547 2000 1617 2040 hic
1633 2031 1645 2051 ,
1683 2000 1770 2041 ruit
1808 2000 1879 2040 ille
1897 2030 1907 2049 ,

584 2066 745 2120 Vixque
781 2072 916 2121 potest
949 2067 1100 2108 hastile
1134 2067 1216 2106 suis
1250 2066 1424 2107 evellere
1456 2065 1582 2104 coxis.

640 2197 760 2253 Hugo
793 2198 1041 2241 Malaunites
1075 2198 1286 2247 accurrit,
1324 2195 1649 2250 Reminidesque

585 2263 731 2303 Petrus
750 2295 760 2313 ‚
798 2278 902 2318 quos
936 2264 1124 2319 sequitur
1159 2264 1267 2305 acies
1301 2261 1518 2316 Campana
1536 2291 1547 2310 ‚
1585 2260 1813 2315 Comesque

584 2327 916 2369 Bellimontensis
950 2343 1046 2369 cum
1080 2326 1456 2369 Saerocaesariensi.

586 2390 668 2430 Nec
703 2407 820 2432 mora
851 2399 894 2433 te
927 2393 1147 2435 Gauchere
1183 2399 1326 2444 tenet,
1365 2392 1664 2447 dominumque
1699 2391 1896 2432 Morencii
1917 2422 1929 2442 ‚

588 2456 638 2496 Se
671 2458 822 2513 quibus
856 2467 1074 2516 opponunt
1107 2460 1386 2502 Flandrorum
1422 2458 1536 2498 mille
1572 2457 1790 2498 cohortes:
