2395 3251
1274 367 1318 398 44

555 447 734 502 Agmine
769 448 940 488 densato
975 450 1178 485 renovant
1212 445 1257 484 in
1292 444 1440 499 praelia
1473 446 1601 497 vires,

550 511 815 551 Immemores
847 510 970 550 modo
1006 524 1047 549 se
1085 510 1232 559 victos,
1267 523 1362 550 cum
1397 511 1524 552 classe
1558 513 1704 552 relicta

552 576 689 617 Littus
723 578 768 617 in
804 577 1061 617 Hollandum
1096 575 1255 615 levibus
1291 575 1434 630 fugere
1468 574 1650 631 phaselis
1669 610 1679 628 ,

548 641 603 681 Et
637 641 947 696 Guilliquinum
983 641 1186 681 Comitem
1221 640 1300 680 sibi
1334 642 1625 682 consociarunt
1642 674 1653 692 ,

551 706 634 757 Qui
667 707 823 746 viscosa
858 720 1032 760 sequens
1068 706 1179 745 dona
1213 711 1254 744 et
1287 707 1488 758 promissa
1521 707 1752 757 Johannis,

554 770 751 825 Quinque
786 771 922 811 virum
956 771 1089 810 decies
1126 768 1288 825 adjuvit
1322 771 1506 811 millibus
1540 772 1647 811 illos.

611 898 708 938 Post
741 904 883 938 tamen
918 899 1047 952 inque
1082 898 1198 939 brevi
1233 911 1317 937 sese
1354 898 1559 938 subtraxit
1593 898 1771 947 eisdem,

439 962 522 1001 650
553 962 664 1002 Iram
697 963 958 1017 magnanimi
988 964 1132 1003 nolens
1167 964 1380 1004 incurrere
1414 965 1556 1018 Regis.

549 1028 657 1068 Dein
688 1035 836 1069 contra
871 1029 984 1083 pacti
1012 1028 1330 1084 juramentique
1364 1035 1575 1079 tenorem,

551 1093 643 1144 Quo
681 1107 815 1148 nuper
850 1107 934 1133 sese
969 1094 1272 1134 constrinxerat
1308 1093 1446 1133 Insula
1479 1094 1611 1147 Regi,

552 1157 764 1197 Ferrando
799 1157 931 1198 foedus
966 1157 1082 1208 ferit,
1121 1164 1163 1197 et
1198 1159 1307 1197 clam
1341 1165 1463 1198 nocte
1499 1159 1679 1198 reductis

552 1221 794 1261 Proditione
827 1223 924 1261 seris
959 1229 1175 1276 portarum
1211 1223 1393 1263 claustra
1428 1225 1624 1273 recludit,

554 1284 742 1340 Cumque
777 1286 859 1326 suis
893 1287 1121 1327 introducit
1157 1287 1390 1340 legionibus
1424 1289 1576 1342 ipsum.

554 1349 828 1404 Francigenae
857 1356 976 1401 vero,
1015 1366 1118 1405 quos
1153 1352 1245 1392 Rex
1279 1353 1491 1392 dimiserat
1524 1353 1610 1391 illic

553 1414 805 1468 Municipes,
844 1416 994 1470 patriae
1029 1415 1242 1465 custodes,
1281 1417 1526 1470 proditiosos

555 1476 611 1517 Ut
647 1492 807 1518 sensere
843 1480 979 1530 dolos,
1018 1479 1139 1519 caute
1174 1494 1215 1519 se
1252 1481 1297 1519 in
1333 1487 1448 1521 turre
1483 1489 1722 1537 receptant,

553 1541 826 1597 Arreptisque
861 1545 987 1584 armis
1022 1545 1143 1585 solita
1176 1546 1329 1586 virtute
1365 1547 1563 1586 resistunt

441 1608 524 1646 640
556 1607 792 1658 Ferrando,
831 1608 1108 1662 Flandrisque
1146 1611 1251 1660 suis,
1286 1611 1356 1650 sed
1390 1611 1435 1649 in
1472 1611 1625 1665 impete
1663 1611 1797 1664 primo

554 1670 664 1709 Dum
700 1671 878 1711 subeunt
913 1673 1039 1711 armis
1068 1673 1254 1712 nondum
1291 1688 1364 1714 sua
1399 1689 1573 1728 corpora
1608 1676 1707 1714 teeti
1722 1707 1731 1725 ,

556 1734 647 1773 Non
678 1748 819 1774 omnes
855 1741 1026 1790 potuere
1061 1737 1173 1776 necis
1207 1738 1338 1779 vitare
1372 1740 1598 1794 periclum,

556 1799 668 1851 Quin
701 1800 832 1854 aliqui
868 1800 1025 1841 fuerint
1056 1803 1193 1857 capti,
1230 1805 1420 1859 plerique
1458 1806 1678 1859 perempti.

612 1864 779 1905 Interea
813 1879 937 1905 cursu
971 1866 1171 1907 festinant
1205 1869 1375 1922 agmina
1409 1877 1554 1924 rapte,

555 1928 659 1979 Quae
695 1929 786 1970 Rex
821 1930 951 1970 iratus
986 1936 1125 1985 partes
1161 1933 1301 1973 educit
1336 1935 1379 1974 in
1414 1936 1531 1985 illas,

555 1992 855 2034 Incunctanter
889 2009 1012 2035 avens
1047 2003 1238 2051 correpto
1273 2004 1459 2053 tempore
1495 2000 1634 2039 charis

554 2056 768 2099 Auxilium
804 2059 990 2100 conferre
1025 2061 1127 2113 suis,
1166 2075 1270 2115 quos
1304 2063 1432 2104 hostis
1468 2065 1512 2103 in
1548 2071 1664 2104 arcto

557 2122 623 2162 Sic
658 2124 833 2177 premit,
874 2131 921 2165 ut
955 2126 1102 2179 pressis
1136 2141 1225 2180 spes
1255 2126 1347 2183 jam
1383 2128 1435 2167 sit
1469 2129 1586 2168 nulla
1623 2130 1781 2169 salutis,

556 2188 637 2240 Qui
672 2204 767 2229 cum
803 2191 1030 2241 venissent,
1070 2206 1209 2231 muros
1244 2192 1441 2246 indagine
1477 2192 1587 2233 facta

445 2254 527 2292 650
559 2252 735 2307 Cingere
766 2269 851 2295 non
886 2261 1056 2305 curant,
1098 2270 1150 2296 ne
1184 2257 1235 2296 sit
1271 2272 1388 2297 mora
1422 2258 1527 2298 forte
1563 2261 1740 2313 periclo,

558 2317 665 2356 Dum
700 2318 809 2358 cives
844 2319 1002 2359 instant
1037 2320 1218 2360 Francos
1255 2323 1472 2363 excludere
1506 2326 1624 2365 turri.

616 2381 677 2420 Ex
712 2383 934 2437 improviso
969 2398 1065 2438 quae
1100 2385 1205 2425 Salis
1240 2389 1408 2442 respicit
1443 2396 1558 2430 ortus

561 2445 626 2487 Ad
661 2453 824 2501 portam
860 2450 1053 2500 veniunt,
1094 2451 1320 2506 strictoque
1356 2456 1557 2508 repagula
1593 2457 1701 2496 ferro

1399 2558 1408 2573 7
