2395 3251
435 599 546 641 24o0

448 1896 559 1936 1420

1265 383 1307 415 96

576 469 634 510 Ut
663 471 798 507 castro
832 477 936 505 cava
969 477 1013 503 se
1045 462 1388 516 circumsepserat
1421 464 1526 500 arte.

575 532 800 573 Prosiliens
833 530 948 571 volat
982 529 1029 568 in
1062 527 1286 577 Thomam‚
1325 523 1713 578 Robertigenasque

576 599 806 637 Drooarum
842 595 1058 644 comitem,
1092 593 1455 645 Belvaoenumque
1489 590 1757 645 Philippum,

583 664 821 713 257030nides,
861 676 965 716 quos
1001 658 1273 713 Franoigenis
1306 656 1438 710 magis
1474 655 1666 695 omnibus
1702 654 1810 702 odit,

580 729 713 783 Ipsius
749 728 774 766 ὲ
808 741 938 780 regno
973 725 1143 765 fuerant
1175 723 1250 777 qui
1289 735 1415 762 causa
1448 721 1637 775 sugendi.

580 794 657 833 Cui
694 794 803 832 latus
839 792 992 844 astipat
1025 790 1147 828 heros
1181 787 1459 836 Salabericus,
1497 786 1618 840 Hugo

582 857 817 909 Bodigena,
857 854 1101 908 Arnulphus
1135 851 1466 892 Audenardenus
1501 857 1543 890 et
1581 850 1707 904 Angli

583 922 724 961 Militis
763 935 936 961 examen
971 919 1102 974 patris
1137 918 1275 957 minus
1311 930 1427 956 arma
1461 915 1652 955 volentis.

640 987 762 1025 Stant
796 991 941 1025 contra
977 983 1177 1038 oppositis
1210 982 1393 1022 Thomas
1428 981 1660 1021 Gallerieus
1697 980 1821 1019 armis

584 1050 833 1090 Galnacliios
870 1049 1116 1101 Wimosque
1151 1047 1304 1096 sciens,
1342 1047 1746 1099 Robertigenaeque,

584 1115 857 1171 Pontijusque
892 1127 1026 1153 comes
1063 1112 1280 1151 Drooensis
1315 1118 1441 1166 atque
1476 1111 1677 1151 Poheros:

587 1183 753 1235 Quique
790 1195 883 1220 suos
919 1179 1039 1219 factis
1074 1183 1115 1217 et
1147 1191 1247 1217 voce
1281 1176 1508 1217 hortantur
1542 1177 1587 1216 in
1616 1177 1708 1215 illos

594 1247 730 1285 Hastis
765 1245 984 1301 conjectis,
1024 1243 1175 1283 strictis
1210 1241 1480 1281 mucronibus
1515 1241 1653 1281 ambae

588 1313 638 1350 Se
673 1310 751 1350 sibi
782 1310 1032 1349 continuant
1067 1307 1175 1346 acies
1184 1337 1195 1357 ,
1234 1312 1512 1360 repetuntque
1546 1305 1724 1346 vicissim

589 1376 700 1415 lotus
739 1376 942 1423 alternos,
982 1373 1195 1425 crudoque
1229 1384 1377 1410 eruore
1412 1375 1605 1408 cruentas

590 1440 855 1494 Compellunt
890 1438 1040 1478 herbas
1075 1436 1237 1476 variare
1272 1435 1423 1475 rubore
1456 1434 1648 1474 virorem.

645 1505 809 1544 {aurea
851 1505 938 1544 Rex
973 1502 1084 1543 Otho
1118 1516 1248 1542 manu
1282 1500 1534 1541 furibundus
1570 1506 1750 1554 utraque

594 1570 634 1609 {rs
674 1571 853 1608 Francos
882 1569 982 1608 dum
1017 1581 1129 1606 oaeoa
1163 1567 1263 1606 sinit
1297 1566 1467 1606 fortuna
1501 1566 1677 1605 securim

593 1636 760 1682 xibrat,
800 1634 984 1686 dumque
1018 1633 1115 1670 istos
1150 1632 1317 1680 sternit,
1356 1632 1456 1670 dum
1492 1631 1684 1670 vulnerat
1719 1630 1834 1681 illos;

590 1699 680 1737 Non
715 1703 857 1736 tamen
893 1697 1060 1735 illorum
1095 1695 1202 1749 potis
1237 1701 1298 1735 est
1330 1695 1549 1749 effringere
1583 1696 1712 1746 vires,

590 1764 890 1815 'ffel-roremque
924 1761 1073 1800 animis
1106 1761 1304 1800 inducere
1337 1759 1513 1799 fortibus
1551 1759 1687 1799 illum.

591 1829 780 1880 Qualiter
815 1827 884 1866 ille
918 1827 1036 1866 Brias
1069 1826 1231 1880 flegreis
1270 1825 1464 1865 horridus
1494 1825 1643 1875 armis,

592 1893 784 1933 Centenis
821 1892 1012 1931 manibus
1047 1891 1202 1942 fidens,
1241 1897 1284 1931 et
1319 1905 1491 1946 corpore
1517 1890 1689 1944 grandi,

589 1959 828 2012 Terrigenis
863 1958 1023 1997 animos
1057 1957 1196 1997 audax
1231 1956 1460 1996 audacibus
1496 1955 1680 2005 addens,

591 2024 726 2065 Ausus
763 2024 957 2063 coelicolis
991 2024 1171 2073 bellare,
1211 2022 1388 2075 Jovique
1417 2034 1612 2075 superno.

591 2090 649 2130 Ut
683 2092 779 2128 vero
803 2088 937 2144 justas
972 2086 1167 2143 superum
1207 2093 1403 2141 regnator
1438 2087 1483 2126 in
1521 2087 1604 2125 iras

593 2155 775 2204 Exarsit,
815 2154 1002 2194 dextram
1029 2153 1182 2209 jaculis
1219 2152 1454 2193 coelestibus
1494 2165 1684 2201 armans,

594 2220 788 2259 Fuhnina
815 2234 890 2273 pro
920 2233 1121 2259 manuum
1155 2232 1329 2259 numero
1353 2215 1568 2272 jaculatur
1606 2216 1651 2255 in
1686 2218 1840 2271 ipsum,

592 2284 676 2323 Neo
706 2284 792 2323 vita
827 2284 917 2323 vult
951 2298 1117 2336 prorsus
1152 2298 1247 2324 eum
1282 2283 1465 2337 privare,
1504 2281 1575 2320 sed
1608 2281 1705 2335 igne

594 2348 755 2387 Caelesti
791 2349 1029 2388 ambustum
1065 2348 1263 2402 supponit
1297 2347 1471 2401 rupibus
1501 2345 1696 2395 AEthnae,

592 2412 713 2464 Ignes
748 2418 968 2466 perpetuos
1003 2413 1256 2452 vomiturum
1291 2411 1411 2451 fauce
1447 2411 1611 2466 supina.

594 2475 688 2515 Non
725 2489 840 2516 secus
874 2476 919 2516 in
953 2476 1135 2516 Francos
1164 2475 1277 2516 Otho
1306 2477 1495 2525 desaevit,
1533 2491 1677 2516 eorum
