2395 3251
469 956 577 998 1530

464 1605 574 1646 1540

464 2253 572 2293 1550

1293 423 1358 455 104

609 506 664 545 Et
698 506 988 543 consternatus
1025 503 1177 557 giravit
1210 515 1252 541 se
1285 505 1420 551 retro,
1460 498 1592 539 fraeno

607 567 819 621 Castigare
853 581 979 621 genas
1012 573 1136 623 rupto
1169 571 1409 621 nequeunte
1443 563 1639 618 superbas
1651 577 1662 613 3

610 633 804 686 Dumque
839 632 953 673 calor
987 633 1209 687 plagaeque
1244 632 1380 686 gravis
1415 630 1533 671 dolor
1567 634 1732 669 attonat
1765 628 1909 678 illum,

609 699 661 738 Vi
696 698 809 753 rapit
842 697 869 738 a
903 699 1030 739 turba
1063 699 1310 738 Dominum:
1349 696 1420 736 sed
1453 695 1643 750 proxima
1675 693 1770 734 cum
1807 707 1916 733 mors

608 763 792 817 Longius
830 763 890 803 ire
925 769 1058 813 vetet,
1095 768 1220 802 terrae
1254 761 1511 815 procumbit,
1551 766 1593 800 et
1627 774 1713 800 una

607 827 817 868 Othonem
852 842 991 869 secum
1026 828 1206 868 moriens
1240 827 1285 867 in
1319 827 1489 881 pulvere
1522 825 1676 865 fundit.

663 892 954 932 Ostimarensis
989 892 1106 932 adest
1144 906 1269 932 cursu
1303 891 1492 945 rapiente
1527 888 1748 938 Girardus,

608 957 956 1012 Descendensque
993 971 1114 997 suum
1145 957 1323 997 Domino
1361 954 1539 995 vectoris
1573 953 1711 1007 egenti

605 1022 784 1062 Praestat
818 1036 996 1076 equum,
1035 1022 1158 1076 pedes
1193 1023 1280 1076 ipse
1313 1034 1501 1061 manens.
1540 1018 1576 1059 Ο
1612 1018 1718 1058 mira
1754 1017 1890 1068 fideli,

606 1087 643 1127 Ο
679 1087 892 1127 laudanda
931 1087 1030 1128 fides
1065 1087 1112 1127 in
1151 1086 1304 1127 milite!
1344 1101 1398 1127 ne
1431 1091 1575 1141 pereat
1608 1085 1700 1125 Rex

603 1151 786 1206 Exponit
819 1153 936 1192 miles
972 1166 1057 1192 sese
1096 1157 1347 1206 spontaneus
1382 1151 1515 1200 hosti,

605 1216 686 1256 Seu
718 1217 849 1257 victus
885 1217 1001 1267 duci,
1039 1231 1110 1256 seu
1144 1216 1270 1255 morti
1305 1216 1550 1256 occumbere
1583 1221 1742 1265 certus,

606 1281 887 1337 Barrensique
928 1298 1051 1323 ausus
1087 1295 1353 1331 concurrere,
1392 1281 1584 1334 gnaviter
1618 1280 1738 1319 illum

608 1346 789 1400 Impedit
826 1346 1004 1387 Othonis
1034 1347 1135 1401 fuga
1168 1361 1222 1387 ne
1251 1346 1504 1400 impediatur
1537 1344 1591 1383 ab
1625 1344 1712 1382 illo.

605 1412 687 1464 Qui
722 1412 799 1452 sibi
829 1411 926 1467 jure
964 1414 1139 1463 timens,
1179 1412 1300 1451 lateri
1335 1424 1421 1449 non
1460 1409 1596 1462 parcit
1640 1407 1817 1461 equinO,

603 1476 713 1516 Dum
750 1491 908 1516 memor
942 1482 1003 1516 est
1033 1476 1158 1516 celeri
1188 1476 1320 1516 solum
1355 1475 1514 1515 salvare
1552 1472 1658 1526 fuga
1693 1487 1757 1522 se,

605 1541 690 1581 Nec
729 1548 849 1582 curat
884 1548 1063 1597 quantos
1099 1542 1199 1582 belli
1237 1541 1282 1581 in
1317 1539 1554 1580 discrimine
1591 1538 1739 1577 charos

605 1606 798 1660 Negligat
832 1607 1034 1662 expositos
1075 1607 1180 1647 caedi
1214 1606 1443 1660 mortisque
1475 1604 1652 1659 periclo,

602 1672 772 1712 Doctior
807 1672 861 1711 ad
894 1686 1075 1726 praesens
1112 1671 1324 1725 propriam
1360 1683 1508 1709 curare
1543 1670 1719 1709 salutem
1733 1699 1744 1718 ,

603 1736 741 1787 Quam
778 1742 914 1776 certus
948 1736 1059 1776 vinci
1099 1735 1255 1776 frustra
1290 1747 1529 1773 succurrere
1562 1734 1695 1773 victis.

603 1801 738 1840 Instat
778 1801 890 1840 enim
925 1800 1171 1841 Guillelmus
1206 1801 1265 1850 ei,
1302 1798 1531 1852 requieque
1566 1804 1720 1850 negata

603 1865 699 1904 Jam
737 1871 852 1905 tenet
886 1879 982 1905 acer
1012 1879 1108 1905 eum
1137 1878 1213 1919 per
1241 1863 1472 1918 posteriora
1499 1861 1658 1901 thorosi

603 1929 733 1970 Arma
766 1930 952 1981 humeri,
991 1930 1238 1984 galeamque
1274 1928 1384 1967 inter
1420 1926 1600 1980 collique
1634 1932 1839 1966 tumorem

603 1994 786 2034 Fortiter
821 1994 958 2034 infixis
994 1994 1134 2048 digitis
1174 1993 1199 2032 a
1238 1992 1389 2033 vertice
1419 2005 1571 2030 conum

603 2059 765 2099 Vellere
800 2060 901 2099 dum
937 2060 1080 2109 vellet,
1119 2066 1161 2099 et
1196 2063 1368 2112 guttura
1401 2069 1596 2110 rumpere
1629 2055 1762 2105 ferro,

604 2123 710 2163 Ecce
744 2124 899 2178 pilosus
934 2124 1050 2164 adest
1084 2122 1228 2163 Comes
1263 2127 1305 2161 et
1339 2120 1578 2161 Guerardus
1610 2127 1652 2160 et
1681 2120 1792 2160 Otho

601 2187 1030 2242 Tinqueneburnites,
1069 2195 1110 2228 et
1141 2202 1266 2243 quem
1299 2186 1523 2225 Tremonia
1558 2186 1689 2236 misit,

605 2252 659 2292 Et
688 2266 911 2293 numerosa
943 2267 1091 2293 manus
1121 2253 1352 2302 Saxonum,
1387 2251 1461 2305 qui
1493 2250 1722 2305 fugientem

603 2317 876 2368 consociant,
915 2318 1156 2372 dominique
1190 2317 1302 2371 fugae
1337 2315 1485 2355 solatia
1517 2315 1726 2369 praebent,

604 2381 661 2420 Ut
699 2381 876 2421 sociatus
914 2382 972 2421 eis
1010 2382 1167 2423 habeat
1200 2382 1337 2421 minus
1375 2381 1462 2434 ipse
1501 2380 1685 2434 pudoris.

603 2444 656 2482 Hi
693 2459 734 2484 se
768 2445 990 2486 Guillelmo
1025 2446 1231 2502 objiciunt
1264 2446 1484 2486 socialibus
1522 2459 1664 2485 omnes

604 2507 799 2558 Auxiliis‚
834 2524 912 2550 nec
947 2511 1062 2551 mille
1097 2512 1171 2552 uni
1206 2526 1396 2566 pugnare
1430 2512 1629 2566 pudebat.
1684 2516 1689 2519 “
