2395 3251
1257 428 1322 460 128

573 523 591 544 »
619 505 806 546 Boloniae
837 509 924 545 toto
960 503 1222 545 comitissam
1253 519 1347 546 cum
1389 505 1616 546 comitatu.

568 588 585 607 »
616 570 708 610 Non
742 570 875 610 multo
916 570 1103 625 posthaeo
1138 571 1277 625 elapso
1312 577 1498 626 tempore
1533 570 1692 611 factum
1731 577 1822 621 est;

432 634 543 676 1890
573 653 590 673 »
619 635 677 676 Ut
713 635 835 675 simul
869 649 895 675 a
928 636 1048 676 nobis
1084 635 1314 676 Comitatus
1349 636 1539 690 quinque
1579 641 1740 676 teneres
1758 667 1770 688 ,

426 1288 535 1327 1900

569 719 587 739 »
616 700 671 740 Et
707 706 782 741 tua
818 707 921 741 nata
954 702 1035 741 mei
1067 701 1251 757 conjunx
1287 706 1348 741 est
1377 700 1489 740 facta
1520 701 1738 756 Philippi,

569 783 586 804 »
616 765 691 806 Est
723 772 764 806 et
797 766 910 807 facta
944 767 1006 806 tui
1041 767 1177 820 neptis
1209 765 1514 806 meaSimonis
1548 780 1668 806 uxor.

569 849 586 869 »
617 832 685 871 Sic
718 831 822 872 mihi
857 838 899 871 te
938 831 1080 882 donis,
1123 831 1181 871 sic
1217 837 1260 871 te
1293 845 1369 886 per
1409 831 1540 871 chara
1570 832 1757 885 ligabam

567 914 584 934 »
610 896 816 950 Pignora,
851 902 892 935 te
927 902 1075 936 contra
1111 910 1165 936 ne
1204 910 1270 936 me
1304 897 1546 951 scrupulosa
1587 903 1772 938 moveret

567 979 584 999 »
616 961 804 1016 Suspicio
823 991 834 1011 ,
869 961 924 1001 ad
960 961 1139 1002 vomitus
1175 961 1314 1001 solitos
1354 975 1408 1000 ne
1443 960 1548 1000 forte
1578 961 1763 1012 redires,

566 1043 584 1064 »
615 1026 721 1067 Cum
743 1041 798 1069 ,se
832 1027 1013 1081 perversi
1052 1026 1174 1066 facile
1213 1027 1259 1067 in
1300 1031 1498 1066 consueta
1535 1026 1768 1067 revolvant.

564 1110 582 1130 »
612 1092 686 1132 His
715 1098 858 1132 tamen
892 1092 1082 1145 ingratus
1117 1098 1271 1132 cuncta
1303 1091 1397 1131 haec
1430 1090 1456 1130 ὲ
1495 1096 1636 1131 mente
1668 1092 1882 1146 relegans,

565 1174 582 1195 »
611 1158 777 1211 Proque
816 1157 936 1197 bonis
971 1157 1085 1196 mala
1118 1158 1352 1198 retribuens
1370 1189 1381 1209 ,
1415 1171 1481 1197 me
1521 1163 1667 1212 sponte
1706 1157 1852 1199 relicto
1870 1189 1882 1209 ,

565 1239 582 1259 »
613 1221 718 1261 Cum
753 1221 950 1261 membris
985 1221 1148 1272 Belial,
1188 1222 1261 1275 qui
1297 1236 1445 1277 pacem
1483 1220 1606 1262 odere
1640 1222 1882 1277 Deumque,

567 1303 584 1324 »
614 1287 821 1340 Nequitiae
855 1286 988 1326 foedus
1022 1287 1172 1340 patriae
1205 1287 1390 1328 desertor
1424 1288 1570 1329 inisti:

564 1370 582 1389 »
613 1352 979 1407 Complicibusque
1016 1354 1098 1393 tuis
1131 1353 1386 1404 connivens,
1425 1353 1469 1393 in
1505 1358 1633 1407 caput
1665 1352 1777 1394 istud

565 1435 582 1455 η
613 1417 867 1473 Conjuratus
884 1449 895 1467 ‚
930 1418 986 1457 eis
1018 1418 1214 1457 siccarius
1243 1431 1362 1456 arma
1395 1417 1544 1456 tulisti.

563 1499 580 1520 »
610 1481 800 1536 Cumque
837 1482 915 1522 tibi
946 1482 1028 1522 hoc
1066 1487 1201 1523 totum
1236 1482 1358 1522 solita
1388 1481 1546 1537 pietate
1579 1483 1795 1522 remittens
1814 1512 1826 1533 ‚

562 1563 580 1584 »
609 1547 866 1587 Immeritam
897 1547 1047 1587 merita
1085 1548 1214 1588 vitam
1252 1563 1328 1603 pro
1358 1553 1492 1588 morte
1532 1548 1760 1598 dedissem,

562 1629 580 1650 »
612 1611 747 1653 Ausus
782 1618 824 1652 et
861 1618 1005 1653 exacto
1040 1613 1108 1653 vix
1145 1627 1315 1667 vespere
1358 1618 1481 1653 nocte
1519 1612 1711 1668 sequenti

561 1694 579 1714 »
608 1677 708 1717 Post
742 1678 900 1718 bellum
938 1692 1140 1718 renovare
1176 1679 1291 1718 dolos
1313 1709 1324 1728 ‚
1363 1677 1598 1732 mentisque
1636 1690 1845 1718 venenum

561 1759 579 1779 »
604 1742 814 1781 Instillare
849 1742 958 1781 notis
977 1772 988 1791 ,
1031 1742 1269 1797 scriptoque
1304 1747 1488 1782 retexere
1517 1742 1729 1793 fraudem,

562 1823 579 1844 ι)
609 1806 870 1861 Othonisque
907 1808 1094 1847 animum
1129 1821 1252 1862 prece
1282 1809 1506 1849 sollicitare
1540 1809 1682 1849 dolosa
1700 1839 1712 1859 ,

563 1890 581 1910 »
611 1873 669 1914 Ut
698 1873 854 1913 bellum
884 1878 1054 1913 renovet
1072 1904 1083 1923 ‚
1117 1887 1276 1928 nosque
1308 1874 1558 1928 impugnare
1596 1879 1792 1914 retentet.

421 1938 535 1979 1910
565 1955 582 1976 »
612 1937 724 1978 Talis
755 1951 819 1988 es,
854 1943 896 1978 et
930 1938 1105 1978 maculis
1139 1939 1322 1979 macules
1357 1938 1453 1979 oum
1482 1940 1637 1980 talibus
1673 1940 1816 1980 orbem
1835 1969 1846 1989 ,

560 2022 578 2042 »
609 2004 807 2056 Quamvis
841 2004 1038 2058 indignus
1073 2004 1126 2044 sis
1161 2005 1310 2044 amodo
1345 2005 1512 2054 vivere,
1555 2004 1688 2045 vitam

560 2087 578 2107 »
608 2069 701 2109 Non
739 2075 882 2109 tamen
921 2069 1108 2120 amittes,
1145 2068 1324 2124 jugique
1362 2071 1408 2111 in
1446 2084 1612 2111 carcere
1651 2071 1780 2121 vives,

560 2152 578 2171 »
609 2132 646 2174 A
676 2134 828 2173 scelere
862 2139 910 2173 ut
951 2134 1098 2173 saltem
1132 2134 1232 2173 dum
1272 2135 1324 2174 sis
1354 2136 1400 2175 in
1430 2136 1628 2190 compede
1668 2149 1819 2186 cesses,

560 2217 578 2237 »
608 2198 663 2238 Et
701 2199 734 2238 si
769 2205 909 2239 mente
939 2199 1087 2253 nequit
1115 2199 1293 2254 propelli
1328 2214 1459 2254 prava
1488 2200 1708 2250 voluntem,

562 2282 580 2301 »
611 2263 816 2303 Consueto
845 2265 993 2304 saltem
1027 2278 1175 2304 manus
1204 2264 1458 2320 impediatur
1492 2264 1546 2304 ab
1581 2270 1701 2315 actu,

562 2346 579 2367 ι)
610 2328 856 2384 Effectuque
901 2344 974 2370 suo
1013 2335 1155 2370 careat
1200 2330 1408 2385 suggestio
1448 2330 1618 2386 linguae.
