2395 3251
1288 371 1331 402 62

625 461 817 508 Dixerat,
852 462 897 497 at
928 465 1118 510 proceres
1151 463 1237 490 uno
1271 445 1532 488 concorditer
1568 457 1639 483 ore

567 526 635 567 Sic
670 523 756 564 fore
792 521 1044 577 promittunt
1052 549 1063 568 ,
1096 514 1329 572 jurantque
1364 511 1542 551 fideliter
1575 520 1718 548 omnes

568 590 866 631 Observaturos
900 599 942 626 se
975 580 1184 638 quidquid
1217 579 1378 619 dixerat
1412 575 1539 616 Otho.

569 656 710 709 thue
746 666 890 694 cavere
924 649 1056 703 magis
1091 650 1219 700 queat
1252 641 1541 696 unusquisque
1573 638 1777 694 periclum

569 721 626 762 Ut
661 726 772 760 certo
808 718 964 758 socium
999 715 1115 768 signo
1152 710 1361 750 discernat
1397 707 1450 747 ab
1485 706 1624 756 hoste,

456 787 541 828 890
572 785 798 827 Confestim
832 796 907 837 per
939 786 1060 831 terga
1093 787 1235 815 cruces
1271 779 1313 812 et
1345 778 1515 826 pectora
1549 771 1689 825 ponit,

459 1438 544 1479 900

569 851 754 904 Quisque
788 847 866 887 sibi
900 843 1142 899 peditesque
1175 853 1325 879 manus
1359 838 1592 892 famulique
1626 836 1807 876 minores

570 913 784 955 Funieulis
819 909 980 965 laqueis
1016 909 1247 946 onerantur
1281 904 1367 945 sive
1402 902 1617 958 capistris,

569 981 662 1033 Quo
698 977 820 1019 facile
854 973 1050 1031 injiciant
1085 969 1206 1012 vietis
1235 968 1328 1025 jam
1361 970 1530 1011 vincula
1565 966 1760 1017 Francis,

570 1046 682 1099 Quos
717 1045 763 1084 in
798 1055 963 1097 egressu
995 1037 1131 1093 primo
1159 1035 1320 1075 vincire
1353 1035 1578 1090 putabant.

571 1109 826 1152 Certifieavit
861 1107 973 1147 enim
1006 1103 1168 1156 Regem
1203 1113 1326 1154 super
1360 1100 1554 1140 omnibus
1588 1097 1676 1138 istis

571 1176 695 1216 Haud
729 1173 868 1214 ‹lubiae
903 1169 1000 1209 fidei
1033 1167 1099 1208 vir
1133 1164 1308 1220 quidam
1343 1163 1581 1218 religiosus,

573 1242 654 1281 Illa
687 1245 828 1289 nocte,
867 1237 977 1277 diem
1013 1246 1110 1288 quae
1143 1230 1245 1271 belli
1279 1229 1565 1284 praeveniebat

573 1307 624 1346 In
658 1311 795 1345 castra
829 1300 990 1342 occulte
1023 1298 1320 1338 Lovannorum
1354 1308 1381 1334 a
1415 1294 1529 1333 Duce
1560 1292 1728 1342 missus,

575 1372 656 1424 Qui
689 1371 787 1410 licet
824 1366 1000 1409 Othonis
1034 1376 1149 1404 socer
1177 1365 1302 1410 esset,
1340 1359 1467 1398 homo
1501 1357 1656 1406 fidelis,

575 1437 715 1491 Nuper
748 1439 839 1474 erat
872 1439 1015 1472 tamen
1049 1441 1155 1469 uxor
1189 1426 1228 1465 ei
1262 1425 1363 1465 data
1396 1423 1486 1463 filia
1518 1421 1628 1475 regis
1646 1453 1658 1472 ,

575 1503 629 1542 Et
662 1515 791 1556 quam
826 1496 1043 1539 condensis
1077 1493 1148 1534 via
1182 1491 1235 1531 sit
1269 1489 1468 1545 perplexa
1501 1487 1679 1537 salictis,

579 1567 716 1619 Quam
751 1565 898 1605 limosa
932 1561 1078 1617 palus,
1117 1570 1246 1611 quam
1281 1555 1416 1595 carice
1440 1552 1595 1610 juncus
1632 1557 1758 1593 acuta

577 1630 786 1685 Impediat
822 1626 977 1666 medios
1012 1622 1224 1662 Moritana
1257 1621 1302 1658 in
1336 1634 1438 1659 rura
1470 1624 1633 1658 meatus

578 1694 776 1741 Edocuit,
815 1703 944 1744 quam
979 1688 1048 1728 vix
1078 1697 1210 1738 equus
1245 1689 1320 1723 aut
1354 1689 1448 1723 rota
1481 1688 1669 1723 transeat
1702 1682 1816 1721 illac.

638 1756 867 1798 Consilium
899 1754 991 1793 Rex
1024 1763 1123 1803 ergo
1158 1753 1308 1798 novat,
1346 1749 1574 1804 paucisque
1609 1753 1810 1788 novatum

580 1823 771 1877 Detegit,
809 1820 922 1860 Otho
954 1819 1108 1857 iterum
1143 1828 1197 1854 ne
1231 1828 1274 1853 se
1307 1815 1411 1854 scire
1446 1814 1588 1854 omnia
1617 1812 1774 1869 jactet,

582 1890 702 1929 Tune
736 1888 796 1928 ait
829 1886 909 1926 ista
942 1883 1067 1924 nimis
1102 1880 1334 1937 perniciosa
1371 1879 1588 1934 quadrigis

581 1956 679 1996 Esse
713 1958 849 2010 potest
878 1957 921 1992 et
955 1950 1096 2005 equis,
1134 1947 1205 1988 sed
1240 1946 1296 1986 eis
1332 1945 1419 1985 sine
1454 1945 1548 1998 quis
1582 1943 1682 1983 velit
1717 1944 1798 1991 ire,

586 2021 670 2061 Aut
704 2032 893 2075 pugnare
928 2016 1077 2071 pedes,
1115 2028 1142 2053 a
1169 2012 1289 2052 nobis
1322 2010 1376 2051 sit
1407 2009 1555 2064 procul
1593 2008 1726 2058 istud,

469 2087 555 2128 910
585 2085 804 2126 Teutonici
838 2086 1032 2138 pugnant
1066 2079 1248 2135 pediteS‚
1286 2082 1356 2126 tu,
1392 2075 1578 2125 Gallice,
1617 2088 1760 2128 pugna

586 2151 757 2205 Semper
792 2162 938 2202 eques3
977 2149 1089 2186 retro
1122 2148 1333 2184 vertamus
1368 2141 1509 2194 signa,
1547 2139 1726 2179 Bovinas

588 2216 888 2256 Praetereamus
904 2244 915 2263 ‚
949 2212 1050 2251 item
1086 2207 1302 2250 Cameraci
1335 2206 1464 2260 plana
1498 2211 1688 2259 petamus
1704 2234 1716 2253 ,

590 2282 734 2321 Hostes
769 2279 880 2320 unde
915 2276 1048 2331 gradu
1083 2272 1198 2314 facili
1233 2272 1435 2327 possimus
1470 2270 1602 2311 adire.
1693 2267 1697 2270 ⁴

654 2409 773 2448 Absit
807 2409 918 2448 enim
953 2412 1001 2446 ut
1035 2405 1199 2445 videam
1233 2402 1393 2442 natalia
1428 2415 1547 2452 rura,
1588 2401 1832 2455 priusquam

597 2473 661 2513 Me
691 2474 794 2513 duce
827 2473 1014 2512 Francus
1048 2483 1174 2509 ovans
1209 2467 1386 2507 Othonis
1421 2466 1534 2506 dicta
1570 2465 1757 2514 refellat,
