2395 3251
1285 366 1327 397 58

563 450 624 490 Ne
659 449 749 489 Rex
789 462 865 502 pro
899 447 1035 501 culpae
1070 444 1217 484 merito
1247 442 1340 500 jam
1375 442 1526 497 puniat
1558 441 1719 496 ipsum,

561 514 719 554 Exutus
753 513 862 552 notis
895 511 1147 566 insignibus,
1187 515 1314 563 atque
1348 507 1545 561 maniplis

448 581 530 620 550
560 579 799 626 Immixtus,
838 591 892 616 ne
927 582 1049 616 notus
1084 575 1185 614 item
1219 574 1412 628 capiatur
1447 572 1500 612 ab
1536 571 1646 622 ullo,

442 1231 524 1270 540

442 1880 524 1918 550

557 643 663 684 Cum
699 643 852 683 damno
884 641 1034 681 sinitur
1068 640 1296 679 multorum
1330 639 1436 678 liber
1472 638 1603 678 abire.

561 707 690 764 Cujus
726 721 905 761 equum,
944 704 1062 760 cujus
1098 704 1291 757 clipium,
1335 704 1583 758 galeamque
1619 701 1824 742 nitentem

557 773 812 826 Balaeneque
840 771 967 826 jubas
1003 783 1078 809 ceu
1114 782 1273 808 cornua
1306 769 1409 808 bina
1444 773 1680 822 gerentem,

558 837 663 878 Cum
692 835 784 892 jam
821 836 994 876 victores
1029 839 1122 888 post
1153 847 1338 887 pugnam
1372 834 1417 873 in
1453 838 1589 872 castra
1624 831 1852 880 redissent,

557 901 694 951 Vidit,
733 907 774 940 et
807 899 977 954 agnovit
1014 898 1106 938 Rex
1138 904 1265 952 atque
1291 899 1492 938 exercitus
1529 897 1677 938 omnis.

613 967 699 1007 Nec
728 980 846 1006 mora
879 979 955 1019 per
989 970 1121 1004 totam
1160 963 1322 1004 fervent
1357 963 1552 1003 incendia
1586 969 1768 1010 terram,

554 1032 688 1074 Millia
721 1031 835 1070 mille
870 1031 1011 1070 domos
1046 1029 1168 1069 simul
1203 1029 1438 1070 incinerare
1472 1029 1548 1069 suh
1583 1043 1667 1068 uno

554 1098 765 1138 Memento
806 1096 960 1151 gaudet
999 1095 1159 1135 effrena
1193 1095 1364 1134 licentia
1399 1094 1596 1134 flammae.

554 1163 766 1218 Quicquid
805 1162 1093 1216 conspicuum,
1132 1161 1245 1215 quod
1279 1159 1504 1214 pulchrum
1540 1158 1665 1199 divite
1699 1157 1822 1211 gleba

556 1230 804 1270 Flandricus
841 1229 926 1267 axis
964 1227 1094 1267 habet
1129 1227 1276 1281 pelago
1311 1225 1592 1264 conterminus
1628 1222 1765 1275 Anglo

554 1293 727 1349 Igniferi
761 1299 852 1333 tota
886 1307 970 1332 non
1006 1297 1168 1332 cessant
1203 1296 1324 1330 nocte
1361 1304 1560 1330 cremare.

613 1359 794 1411 Jamque
829 1358 914 1397 dies
950 1357 1119 1405 aderat,
1159 1355 1505 1409 Pentecostesque
1538 1355 1664 1394 beata

555 1423 721 1463 Gaudia
756 1437 830 1477 per
862 1428 997 1461 totum
1036 1420 1288 1461 celebranda
1327 1419 1505 1459 fideliter
1541 1419 1683 1458 orbem

553 1489 702 1529 Orbita
737 1488 855 1527 finito
885 1487 977 1542 jam
1010 1500 1106 1527 vere
1140 1486 1364 1525 reduxerat
1403 1484 1539 1523 anni.-

553 1554 652 1593 Post
685 1553 814 1607 igitur
848 1552 983 1591 missae
1018 1551 1219 1590 solemnia
1238 1582 1248 1600 ,
1287 1549 1383 1589 cum
1418 1550 1525 1603 dape
1560 1550 1748 1589 nondum

553 1618 642 1658 Aut
676 1617 819 1670 sapido
854 1615 1010 1654 Bacchi
1044 1620 1270 1653 recreasset
1303 1614 1493 1653 membra
1526 1615 1711 1668 liquore,

553 1681 772 1721 Galterum
800 1678 999 1734 juvenem
1034 1677 1148 1726 Rex,
1187 1677 1526 1727 Barthlomeum‚
1565 1679 1858 1732 Garinumque

553 1746 818 1800 Alloquitur,
856 1749 1082 1797 votumque
1117 1757 1239 1782 suum
1274 1742 1477 1782 dilucidat
1513 1743 1608 1782 illis.

555 1812 627 1852 His
663 1811 817 1850 etenim
855 1809 950 1847 solis
986 1822 1031 1848 re
1066 1807 1325 1847 confidenter
1362 1808 1408 1847 in
1443 1808 1558 1847 omni

556 1877 787 1917 Enucleare
823 1874 1012 1915 animum
1046 1879 1288 1928 secretaque
1320 1878 1417 1913 vota
1451 1873 1625 1913 solebat.

621 1941 761 1992 «Quis
795 1954 861 1980 me
895 1945 999 1979 teste
1028 1939 1116 1979 Deo
1150 1940 1261 1979 zelus
1296 1937 1565 1978 commoverit
1601 1937 1759 1991 Anglas

554 2025 572 2044 »
601 2005 744 2045 Visere
778 2005 883 2045 velle
919 2004 1088 2058 plagas,
1130 2004 1253 2058 plene
1284 2003 1476 2043 discretio
1506 2008 1644 2043 vestra

553 2089 570 2109 »
600 2070 803 2124 Agnovit,
843 2083 925 2123 quo
964 2082 1053 2118 me,
1094 2082 1163 2109 vos
1198 2069 1330 2118 scitis,
1369 2069 1509 2108 nullus
1544 2069 1752 2109 honorum

553 2153 570 2172 »
600 2134 816 2183 Ambitus,
855 2139 929 2173 aut
962 2147 1102 2173 rerum
1137 2133 1444 2173 delectamenta
1477 2133 1719 2174 trahebant.

552 2219 569 2238 »
599 2200 694 2240 Solo
730 2199 860 2239 divini
896 2199 981 2238 zelo
1018 2198 1201 2239 ducebar
1235 2199 1413 2249 amoris,

553 2283 570 2301 »
600 2265 746 2305 Noster
780 2270 828 2304 ut
862 2263 1059 2303 Ecclesiae
1094 2277 1299 2318 oppressae
1333 2278 1549 2304 succursus
1585 2260 1788 2305 addesset.

553 2347 570 2366 »
599 2330 720 2369 Nunc
755 2335 896 2370 autem
932 2329 1134 2369 adventus
1168 2329 1256 2369 sola
1291 2328 1513 2369 formidine
1548 2330 1678 2369 nostri

554 2412 571 2432 »
601 2394 707 2435 Cum
742 2409 816 2435 sua
850 2395 1080 2434 subdiderit
1113 2394 1315 2435 Romanis
1350 2400 1514 2449 sceptra
1547 2394 1782 2445 Johannes,

553 2477 570 2496 »
599 2459 725 2513 Sique
760 2458 1016 2499 satisfactum
1047 2458 1298 2511 Pandulpho
1328 2459 1472 2514 judice
1506 2460 1649 2511 Clero,
