2395 3251
1267 432 1310 464 56

543 534 560 552 »
590 515 818 569 Tempore,
857 526 948 567 spes
979 506 1167 562 crescat,
1197 517 1239 551 et
1271 509 1499 550 consolatio
1535 506 1718 550 nostris.⁸
1736 526 1753 545 »

596 580 691 620 Dux
724 579 946 619 Britonum
982 577 1129 616 Petrus
1165 590 1268 616 onus
1302 575 1383 615 hoc
1419 590 1495 630 pro
1535 588 1707 615 munere
1743 586 1896 627 magno

540 646 695 700 Sponte
731 644 865 694 subit,
905 643 979 698 qui
1021 657 1116 682 cum
1152 642 1395 696 quingentis
1432 656 1598 696 vespere
1633 655 1723 682 sero

538 709 740 750 Militibus
776 707 921 748 castris
957 721 1167 761 egressus,
1205 708 1394 748 membra
1428 708 1570 762 quiete

424 776 507 816 500
539 776 630 815 Non
667 774 876 824 relevans,
917 773 970 813 ad
1006 787 1079 812 nos
1114 773 1304 826 pervenit
1338 786 1461 812 mane
1498 771 1709 826 sequenti,

537 841 680 881 Tertia
714 839 810 879 cum
847 839 1035 879 nondum
1074 837 1181 877 foret
1211 837 1317 876 hora
1355 842 1502 877 exacta
1536 837 1642 886 diei,

534 905 745 945 Laetitiam
780 904 900 943 nobis
936 902 1094 942 addens
1130 908 1381 956 gratumque
1410 900 1626 956 juvamen.

537 969 671 1021 Quem
706 967 797 1007 Rex
833 973 880 1007 ut
915 967 1054 1021 potuit
1088 981 1164 1021 pro
1198 972 1319 1006 tanta
1355 966 1462 1005 mole
1497 971 1683 1013 secutus,

535 1034 616 1088 Spe
651 1033 772 1072 citius
803 1032 983 1071 Damum
1021 1032 1211 1086 pervenit
1246 1032 1338 1071 luce
1379 1030 1584 1079 secunda,

536 1099 665 1155 Cujus
700 1099 745 1138 in
785 1098 968 1138 adventu
1004 1097 1252 1152 perterritur
1287 1095 1416 1135 hostis
1455 1095 1508 1135 ab
1547 1095 1620 1134 illa

535 1164 662 1204 Parte
697 1162 825 1217 fugit,
864 1176 950 1216 qua
985 1176 1059 1201 nos
1094 1162 1271 1216 urgebat
1307 1162 1401 1201 solis
1436 1161 1490 1201 ab
1526 1167 1635 1201 ortu.

538 1229 671 1281 Quem
707 1227 895 1282 sequitur
933 1227 1036 1266 laxis
1069 1226 1164 1266 Dux
1204 1226 1503 1280 Burgundinus
1538 1226 1736 1275 habenis,

536 1293 817 1347 Hervaeusque
856 1292 1027 1342 Comes,
1067 1298 1108 1331 et
1143 1306 1246 1345 quos
1287 1291 1517 1345 Campania
1550 1291 1675 1330 misit.

596 1358 699 1397 Solis
735 1357 789 1397 ad
822 1371 1015 1397 occasum
1051 1370 1126 1396 nos
1161 1356 1312 1396 liberat
1346 1356 1464 1395 hoste
1500 1355 1643 1409 fugato

424 1426 506 1463 510
538 1424 673 1477 Regia
706 1423 924 1477 progenies
959 1421 1213 1470 Ludovicus,
1252 1428 1293 1460 et
1323 1422 1491 1461 inclitus
1522 1422 1592 1461 ille

536 1489 763 1527 Barrarum
800 1487 1015 1536 dominus,
1056 1499 1160 1539 quos
1189 1485 1321 1525 millia
1354 1487 1488 1526 multa
1526 1491 1759 1538 sequuntur

533 1553 710 1593 Roboris
745 1552 890 1592 invicti
919 1550 1115 1606 juvenes,
1155 1550 1364 1603 probitate
1399 1551 1581 1606 probati.

592 1617 648 1658 At
681 1618 795 1667 Rex,
834 1617 993 1671 quique
1033 1615 1121 1671 ejus
1157 1616 1278 1655 lateri
1315 1617 1550 1671 specialiter
1585 1616 1770 1663 haerent,

534 1683 645 1734 Quos
681 1683 759 1722 sibi
795 1683 1002 1721 bellorum
1041 1681 1171 1719 socios
1207 1694 1257 1719 ex
1292 1682 1484 1720 omnibus
1519 1681 1605 1734 ipse

533 1749 724 1803 Delegit,
764 1753 887 1801 porta
928 1747 1162 1800 egreditur,
1203 1759 1300 1799 quae
1333 1746 1468 1798 vergit
1503 1746 1556 1784 ab
1592 1744 1736 1784 Arcto.

533 1814 613 1853 Sed
647 1812 749 1867 quia
784 1811 945 1851 fossatis
980 1812 1060 1850 iter
1088 1809 1429 1865 impedientibuS,
1471 1809 1578 1849 hosti

533 1878 626 1917 Non
660 1882 834 1931 possunt
868 1876 976 1915 facie
1010 1875 1200 1929 opposita
1234 1889 1504 1924 concurrere,
1542 1889 1696 1929 paucos

533 1941 762 1992 Occidunt,
806 1955 961 1995 paucos
996 1940 1193 1994 capiunt,
1235 1946 1377 1980 tamen
1412 1953 1544 1993 usque
1581 1940 1746 1978 carinas

534 2006 703 2046 Caedere
739 2006 841 2045 dum
876 2004 1046 2058 fugiunt
1082 2019 1167 2044 non
1203 2010 1365 2044 cessant
1398 2004 1578 2058 turpiter
1613 2004 1723 2042 illos.

422 2074 505 2112 520
535 2072 623 2111 Imo
660 2085 738 2110 nec
771 2071 815 2109 in
851 2070 1011 2110 ratibus
1050 2070 1139 2109 ausi
1174 2083 1412 2118 remanere,
1452 2075 1633 2109 retracto

537 2137 702 2192 Quippe
735 2137 842 2176 mari
877 2136 1032 2175 siccum
1068 2149 1195 2176 naves
1231 2135 1379 2174 navale
1413 2134 1639 2183 tenebant,

535 2204 586 2242 Se
622 2202 784 2243 carabis
817 2201 964 2256 procul
999 2200 1025 2240 a
1056 2199 1170 2240 terra
1204 2199 1452 2254 scaphisque
1487 2200 1710 2239 reducunt.

594 2269 787 2323 Dumque
822 2267 1066 2308 catervatim
1101 2265 1281 2306 subeunt
1315 2266 1482 2306 navalia
1519 2265 1640 2304 multi

536 2335 668 2374 Morte
702 2333 860 2373 cadunt
875 2363 885 2381 ‚
923 2332 1046 2371 multi
1082 2331 1308 2385 capiuntur
1342 2330 1480 2370 littore
1516 2330 1560 2369 in
1597 2330 1684 2384 ipso

536 2399 883 2439 Formesellarum
919 2397 1112 2437 dominus
1147 2395 1363 2446 Galterus,
1403 2401 1444 2434 et
1478 2395 1564 2449 ipse

535 2463 756 2503 Bolonides
790 2464 978 2517 capitur,
1017 2463 1088 2502 sed
1125 2462 1231 2502 caris
1267 2461 1458 2514 cognitus
1491 2460 1600 2500 idern

537 2528 816 2583 Cognatisque
851 2527 933 2567 suis
964 2527 1042 2580 ipsi
1081 2527 1154 2580 qui
1182 2525 1280 2581 jure
1315 2526 1545 2575 timebant,
