2395 3251
421 848 474 887 50

418 1501 471 1539 60

417 2150 470 2187 70

1280 373 1300 405 6

536 454 746 495 Convocat
775 452 998 502 auxilium,
1031 451 1118 492 ruit
1147 451 1314 505 agmine
1345 450 1622 505 multiplicato

536 519 663 560 Lecta
692 532 841 558 manus
866 516 1099 574 juvenum:
1134 531 1213 557 nec
1247 524 1409 572 oportet
1439 531 1585 570 cogere
1614 527 1867 570 quemquam
1882 544 1893 564 ,

536 584 641 625 Cum
677 598 752 624 sua
784 598 993 638 quemque
1027 583 1170 623 trahat
1199 584 1244 623 in
1279 583 1406 637 Regis
1442 583 1599 622 damna
1632 581 1838 622 voluntas.

534 651 682 691 Fervet
713 663 830 689 amor
859 649 974 688 belli.
1010 647 1257 688 Communia
1292 649 1604 689 Gandaviorum

534 716 712 756 Turritis
742 715 953 765 domibus,
989 716 1119 769 gazis,
1155 721 1196 754 et
1231 720 1354 768 gente
1388 713 1567 768 superba

533 782 763 822 Instructas
794 781 919 820 armis
950 781 1058 819 acies
1097 780 1160 819 bis
1196 779 1330 819 millia
1359 778 1468 818 dena

535 846 588 886 Et
618 847 779 900 plures,
814 845 990 899 propriis
1025 845 1231 899 expensis,
1267 844 1396 884 donat
1426 842 1575 882 eidem.

534 911 749 951 Auxilium
780 911 890 950 bello
922 911 1109 965 sequitur
1139 925 1224 950 non
1255 910 1414 964 impare
1443 907 1577 957 fastu,

532 978 630 1033 Ipra
660 977 892 1017 colorandis
924 991 1024 1031 gens
1055 975 1376 1031 prudentissima
1405 974 1532 1023 lanis,

533 1042 777 1083 Execranda
805 1041 956 1098 jurans
988 1042 1221 1096 legionibus
1256 1054 1374 1080 arma
1404 1039 1583 1080 duabus.

533 1107 865 1161 Atrebatumque
895 1113 1041 1162 potens
1072 1107 1171 1147 urbs
1203 1106 1493 1161 antiquissima
1523 1105 1648 1160 plena

533 1173 719 1222 Divitiis,
753 1173 921 1212 inhians
952 1173 1097 1222 lucris,
1133 1179 1174 1212 et
1204 1173 1361 1213 faenore
1392 1172 1600 1226 gaudens,

535 1236 749 1278 Auxilium
784 1237 934 1277 Comiti
967 1243 1086 1278 tanto
1117 1237 1336 1279 studiosius
1369 1238 1506 1288 addit,

533 1303 625 1355 Quo
657 1309 784 1358 caput
813 1309 854 1342 et
883 1304 1075 1358 princeps
1107 1303 1394 1353 FlandrensiS‚
1430 1308 1472 1342 et
1505 1301 1631 1342 unica
1661 1299 1798 1355 Regni

532 1368 655 1408 Sedes
686 1368 842 1417 existit,
876 1369 1013 1408 tenuit
1041 1382 1169 1422 quam
1199 1375 1384 1423 tempore
1409 1368 1454 1407 in
1489 1367 1561 1406 illo

533 1432 700 1473 Comius
732 1432 970 1482 Atrebates,
1009 1446 1093 1486 quo
1124 1433 1260 1472 Julius
1290 1434 1434 1474 intulit
1464 1446 1582 1473 arma

532 1498 748 1538 Gallorum
778 1498 957 1552 populis.
992 1497 1075 1537 Nec
1104 1497 1261 1551 Brugia
1291 1497 1424 1538 defuit
1456 1498 1520 1538 illi

530 1564 580 1604 In
616 1564 791 1618 strepitu
824 1569 964 1613 tanto,
998 1563 1103 1618 quin
1133 1564 1323 1618 pluribus
1354 1563 1524 1620 adjuvet
1553 1564 1674 1604 illum

533 1629 736 1678 Millibus,
775 1628 821 1668 in
856 1628 1014 1667 bellum
1044 1627 1267 1668 fortissima
1296 1644 1471 1684 corpora
1501 1630 1685 1669 mittens.

530 1693 688 1746 Brugia
718 1706 816 1746 quae
851 1693 995 1746 caligis
1026 1692 1215 1732 obnubat
1246 1707 1370 1734 crura
1398 1699 1647 1749 potentum:

532 1759 738 1812 Frugibus
770 1764 812 1798 et
840 1759 969 1813 pratis
1001 1759 1131 1809 dives,
1165 1765 1373 1814 portuque
1404 1759 1655 1814 propinquo.

529 1824 636 1864 Dam
668 1838 835 1879 quoque
864 1825 965 1865 villa
994 1839 1167 1875 nocens,
1202 1824 1309 1864 Dam
1339 1824 1433 1865 vere
1468 1824 1657 1873 nomine,
1691 1822 1796 1863 Dam
1828 1836 1892 1873 re,

531 1889 638 1928 Dani
669 1889 768 1929 olim
799 1890 948 1929 nostris
978 1890 1179 1930 damnosa
1207 1888 1350 1931 futura
1385 1891 1558 1940 carinis,

533 1953 705 2010 Adjuvit
735 1960 894 1994 nostros
930 1955 1039 1995 bello
1074 1970 1150 2010 pro
1181 1957 1336 1997 viribus
1367 1956 1518 1996 hostes.

590 2018 730 2058 Insula
765 2025 858 2073 post
887 2020 979 2060 illos
1010 2021 1281 2061 nihilominus
1312 2021 1441 2061 exerit
1471 2034 1589 2060 arma

530 2083 718 2133 Hostica,
753 2099 838 2124 non
869 2100 1023 2140 paucas
1054 2100 1173 2127 arma
1206 2088 1251 2127 in
1283 2087 1394 2127 bella
1438 2087 1688 2141 phalanges.

530 2149 672 2188 Insula
702 2149 800 2189 villa
830 2151 1018 2204 placens,
1058 2166 1157 2205 gens
1193 2152 1374 2203 callida,
1409 2152 1526 2192 lucra
1560 2151 1798 2206 sequendo:

532 2213 692 2263 Insula,
727 2228 823 2268 quae
854 2216 996 2255 nitidis
1026 2231 1068 2256 se
1097 2219 1395 2258 mercatoribus
1426 2225 1567 2268 ornat,

532 2278 681 2331 Regna
717 2280 907 2320 coloratis
948 2281 1160 2322 illuminat
1188 2288 1327 2323 extera
1351 2285 1521 2339 pannis,

531 2342 652 2382 Unde
691 2351 963 2399 reportantur
996 2347 1136 2398 solidi,
1181 2348 1333 2402 quibus
1373 2349 1446 2389 illa
1486 2349 1688 2404 superbit.

531 2407 673 2448 Insula
704 2413 973 2465 magnanimo
1010 2414 1118 2454 male
1153 2414 1238 2455 fida
1272 2414 1415 2455 futura
1449 2415 1645 2470 Philippo

531 2472 771 2515 Proditione
805 2491 908 2517 sua:
939 2484 1081 2519 tamen
1117 2481 1161 2520 in
1195 2494 1270 2520 sua
1300 2480 1455 2521 damna
1485 2485 1660 2519 ruerunt
1679 2510 1690 2529 ,
