2395 3251
458 850 542 889 660

463 1497 546 1535 670

1293 373 1335 404 46

572 455 853 509 Confringunt
887 453 1048 502 valvas,
1089 463 1250 491 summa
1283 451 1324 490 vi
1360 450 1530 491 cardine
1561 462 1678 491 verso

571 521 842 571 Discludunt,
881 532 1104 572 murosque
1139 517 1254 571 prius
1293 529 1421 570 quam
1455 515 1653 556 scandere
1687 512 1749 554 fas
1779 513 1832 553 sit

570 587 805 641 Indigenis,
843 585 952 626 vicos
988 584 1192 632 subeunt,
1229 582 1448 636 primoque
1483 581 1622 621 furore

570 653 744 707 Ignibus
779 652 976 707 appositis
1007 648 1289 704 pulcherrima
1325 660 1505 701 quaeque
1539 647 1758 686 domorum

572 719 623 759 In
657 724 812 758 terram
847 717 1008 757 faciunt
1043 713 1336 769 procumbere,
1375 712 1529 752 vertice
1565 725 1696 751 verso.

573 784 725 838 Sicque
757 784 805 822 fit
839 788 886 822 ut
920 781 1025 821 fiant
1062 779 1224 835 majora
1253 777 1450 818 incendia
1484 777 1661 825 damno,

573 848 741 889 Civibus
775 847 915 886 infidis
944 845 1073 899 quam
1108 844 1265 884 ferrum
1300 848 1373 882 aut
1409 842 1578 882 dextera
1610 853 1835 895 pugnans:

574 912 733 952 Sufficit
767 924 952 951 excessus
986 909 1154 959 ulcisci,
1193 909 1282 948 sola
1317 908 1477 948 dolosos

573 976 754 1017 Vulcani
788 975 924 1015 rabies
959 987 1089 1028 quam
1124 973 1285 1027 spirans
1321 972 1465 1011 AEolus
1501 977 1644 1026 auget.

572 1041 658 1081 Neo
687 1045 854 1080 tantum
878 1037 1047 1094 junctos
1083 1038 1313 1077 lateraliter
1347 1037 1539 1091 improba
1572 1037 1682 1077 vicos

573 1106 806 1155 Incinerat,
848 1117 991 1144 verum
1030 1103 1175 1157 procul
1205 1102 1302 1141 inde
1337 1103 1502 1143 volante
1537 1101 1683 1142 favilla

575 1171 787 1225 Quicquid
821 1169 1058 1210 habebatur
1092 1167 1258 1222 pulchri
1292 1168 1404 1207 intra
1438 1167 1612 1215 moenia,
1650 1165 1834 1205 flammae

573 1237 624 1276 In
664 1236 844 1276 nihilum
879 1234 1032 1288 redigit
1062 1247 1145 1273 uno
1176 1232 1375 1272 violentia
1411 1238 1583 1286 puncto.

636 1302 742 1343 Cum
771 1300 962 1341 domibus
996 1304 1172 1354 pereunt
1207 1311 1367 1346 omneS,
1406 1297 1537 1337 vitare
1571 1296 1773 1351 periclum

579 1367 690 1418 Quos
725 1366 894 1405 infirma
928 1370 1042 1405 vetat
1074 1368 1195 1411 aetas,
1235 1368 1308 1402 aut
1344 1361 1479 1400 debile
1514 1375 1682 1415 corpus,

578 1432 659 1483 Qui
699 1430 892 1484 pedibus,
931 1428 1005 1482 qui
1040 1426 1156 1466 fortis
1187 1440 1295 1479 equo
1332 1425 1530 1479 fugiendo
1565 1425 1740 1473 recedit,

577 1495 628 1535 Se
662 1494 826 1549 gemino
857 1492 1074 1532 retrahens
1107 1490 1237 1538 hosti,
1277 1489 1541 1543 flammaeque
1576 1488 1722 1528 furori.

577 1560 633 1599 Et
665 1564 759 1613 post
792 1557 1028 1597 Ferrandus
1065 1555 1210 1595 dumos
1246 1559 1287 1593 et
1319 1554 1438 1594 devia
1475 1567 1654 1608 quaeque

579 1623 718 1664 Mente
753 1621 864 1661 subit
898 1620 1073 1673 pavida,
1116 1619 1221 1656 talos
1256 1618 1310 1656 ad
1344 1619 1492 1657 limina
1526 1624 1658 1671 portae

580 1687 749 1740 Semper
778 1685 957 1732 habens,
991 1683 1128 1723 vultus
1163 1695 1247 1719 non
1280 1682 1436 1721 audens
1466 1683 1631 1722 flectere
1666 1689 1796 1732 retro,

581 1752 691 1792 Neve
720 1750 907 1799 labatur,
941 1753 1015 1788 aut
1045 1759 1211 1800 passum
1247 1744 1352 1784 forte
1391 1748 1455 1787 vel
1490 1761 1622 1787 unum

583 1816 736 1856 Perdat
765 1815 876 1863 iens,
911 1813 1060 1853 laevam
1094 1824 1165 1850 seu
1199 1810 1386 1850 dextram
1420 1812 1487 1851 vix
1515 1810 1615 1851 sinit
1643 1811 1792 1851 horror

583 1880 825 1934 Respicere,
865 1891 949 1917 esse
987 1877 1078 1916 loco
1108 1888 1150 1914 se
1179 1880 1318 1914 tutum
1353 1889 1438 1915 non
1473 1881 1595 1930 putat
1629 1877 1728 1917 ullo.

585 1945 680 1985 Jam
715 1944 885 1998 perimi,
913 1941 1005 1998 jam
1036 1939 1212 1997 jamque
1247 1940 1340 1994 capi
1370 1942 1449 1982 sibi
1483 1942 1591 1982 visus
1625 1943 1679 1982 ad
1717 1956 1881 1982 omnem

587 2010 669 2062 Qui
703 2010 817 2052 venit
852 2009 878 2049 a
911 2014 1027 2061 tergo
1062 2006 1280 2060 strepitum
1314 2007 1522 2059 pallescit,
1556 2014 1596 2047 et
1626 2008 1759 2047 omnis

587 2076 785 2130 Negleeta
816 2074 921 2115 facie
958 2072 1126 2126 sanguis
1165 2071 1276 2111 subit
1310 2071 1454 2112 abdita
1488 2073 1642 2121 cordis,

475 2141 559 2183 680
588 2141 645 2183 Ut
678 2141 825 2190 lateat,
864 2137 1111 2193 trepidoque
1143 2134 1251 2175 ferat
1288 2136 1436 2177 solatia
1470 2137 1599 2177 cordi.

589 2206 656 2246 Sic
693 2210 881 2245 metuens
920 2201 1144 2242 metuendo
1178 2206 1292 2241 metu
1326 2215 1492 2256 paenam
1526 2202 1604 2241 luit
1639 2202 1748 2256 ipso,

591 2272 802 2326 Paenaque
838 2270 886 2309 fit
921 2282 1100 2323 praesens
1139 2281 1276 2321 poenae
1309 2266 1485 2306 formido
1516 2268 1739 2320 sequentis.

648 2336 746 2376 Plus
783 2342 925 2376 tamen
961 2332 1122 2389 adjuvit
1156 2332 1336 2372 fortunae
1365 2333 1535 2372 dextera
1572 2334 1721 2381 victos,

591 2400 726 2452 Quam
757 2401 884 2454 fuga,
923 2401 987 2440 vel
1026 2413 1188 2449 cursus,
1233 2413 1317 2453 quo
1353 2412 1394 2438 se
1425 2399 1583 2438 salvare
1618 2399 1855 2439 studebant.

591 2464 765 2504 humida
797 2478 893 2504 nam
924 2465 1046 2504 tellus
1081 2469 1243 2503 carecto
1277 2463 1377 2503 faeta
1411 2465 1607 2518 palustri,
