2395 3251
447 847 528 885 110

446 1495 527 1534 120

449 2146 526 2185 150

1299 369 1340 401 10

562 449 774 503 Indigenis
805 454 948 503 potus,
988 447 1158 488 Tethidi
1195 447 1393 487 miscetur
1427 460 1579 499 avena,

562 513 619 553 Ut
654 513 742 554 viee
777 513 832 553 sit
867 512 954 553 vini
990 512 1124 554 multo
1161 511 1353 552 confecta
1391 511 1550 552 labore.

618 780 762 821 Rebus
798 786 840 820 et
879 786 1032 820 ornatu
1061 779 1225 820 diversa
1264 778 1404 819 colore
1438 779 1650 835 refulgent

562 845 743 900 Agmina
759 877 772 894 ,
803 847 1043 900 crispantur
1077 845 1230 886 vexilla
1259 845 1522 885 moventibus
1556 847 1695 897 auris,

560 911 690 951 Arma
729 925 969 965 repercusso
1001 911 1222 966 duplicant
1252 924 1326 951 sua
1365 911 1528 952 lumina
1563 911 1740 953 Phoebo.

559 975 744 1015 Territat
782 975 1027 1016 horrisonus
1059 990 1180 1016 aures
1221 976 1414 1016 hinnitus
1450 991 1655 1031 equorum
1674 1009 1685 1027 ,

558 1039 859 1080 pulverulenta
898 1046 1043 1080 terunt
1076 1041 1251 1095 pedibus
1286 1041 1372 1081 sola
1390 1072 1401 1092 ,
1441 1042 1614 1096 pulvera
1646 1048 1825 1097 pensant

561 1105 671 1144 Aera
687 1135 700 1153 ,
736 1105 804 1145 vix
839 1105 966 1144 etiam
997 1105 1147 1159 pressis
1176 1106 1414 1146 retinentur
1447 1106 1625 1147 habenis
1641 1138 1655 1156 ,

559 1169 672 1220 Quin
707 1170 868 1224 equites
904 1170 1075 1224 rapiant
1115 1184 1238 1209 eursu
1277 1185 1351 1225 per
1389 1173 1516 1213 inane
1553 1179 1706 1214 rotato.

615 1234 773 1275 Ordine
811 1236 1038 1290 composito
1073 1236 1361 1290 gradientibus
1396 1239 1586 1292 undique
1620 1239 1770 1278 turmis
1789 1270 1799 1288 ,

558 1299 692 1340 Corde
726 1301 802 1340 sub
844 1307 1022 1355 angusto
1057 1301 1125 1340 vix
1152 1300 1245 1357 jam
1280 1315 1356 1342 sua
1391 1302 1546 1356 gaudia
1580 1303 1779 1343 claudens

559 1364 686 1405 Soevit
721 1370 839 1405 atrox
868 1365 913 1404 in
942 1365 1055 1404 bella
1084 1364 1250 1415 Comes,
1288 1367 1505 1421 victorque
1534 1367 1699 1408 videtur

558 1429 654 1469 Jam
685 1430 793 1470 sibi:
833 1430 1049 1484 praesumit
1077 1435 1166 1469 tam
1195 1431 1337 1471 multis
1376 1433 1560 1473 millibus
1601 1446 1718 1473 arma

559 1493 607 1533 In
642 1508 719 1535 sua
743 1493 898 1549 juratis
917 1526 928 1544 ,
969 1495 1211 1548 bellumque
1250 1496 1484 1537 volentibus
1518 1497 1630 1537 ultro
1651 1528 1661 1546 ,

557 1559 698 1614 Ipsum
731 1559 797 1600 vel
835 1558 949 1598 facili
980 1558 1141 1612 Regem
1169 1558 1260 1614 jam
1295 1561 1460 1602 vincere
1495 1577 1665 1617 pugna,

558 1623 637 1663 Vel
670 1638 746 1678 pro
781 1623 886 1663 velle
922 1637 995 1662 suo
1035 1624 1111 1662 tali
1148 1624 1225 1662 sibi
1261 1639 1363 1677 paee
1399 1627 1531 1679 ligare
1549 1659 1559 1677 ,

560 1687 682 1738 Quod
716 1688 840 1727 rebus
876 1687 986 1727 nihil
1021 1687 1188 1726 amittat
1224 1688 1275 1727 de
1314 1689 1519 1743 litigiosis.

559 1751 739 1806 Jamque
774 1752 943 1791 leonino
978 1751 1087 1791 rictu
1117 1751 1345 1794 bacchatus
1384 1755 1428 1794 in
1464 1755 1626 1795 hostem

560 1816 691 1857 Ardet
729 1822 770 1856 et
805 1816 967 1856 absenti
996 1815 1177 1872 jamjam
1214 1818 1437 1874 confligere
1471 1821 1593 1875 Regi.

559 1883 723 1937 Impetu
758 1897 853 1922 mox
888 1888 1002 1923 vasto
1037 1881 1225 1922 Corbeiae
1259 1885 1464 1926 moenibus
1499 1900 1650 1940 agmen

558 1947 777 2003 Applicat,
811 1953 853 1987 et
887 1948 1021 2002 primo
1057 1947 1227 1987 fortuna
1267 1949 1394 1990 dante
1431 1950 1616 1991 favorem

558 2014 737 2068 Impetui
770 2014 950 2063 vallum,
991 2014 1106 2067 quod
1135 2020 1226 2053 erat
1259 2015 1437 2054 munitio
1472 2016 1631 2069 prima,

560 2078 616 2119 Ut
649 2078 784 2132 capit,
818 2077 960 2118 fractis
994 2078 1124 2117 muris
1160 2079 1356 2120 incendia
1389 2080 1549 2120 miscet.

558 2143 711 2184 Omnia
747 2143 967 2184 confundit
985 2175 995 2195 ,
1035 2144 1109 2184 irae
1144 2144 1349 2198 permittit
1377 2144 1564 2185 habenas
1583 2177 1594 2195 ‚

558 2209 794 2263 Diffugiunt
827 2209 934 2249 cives
953 2241 963 2259 ,
999 2216 1040 2249 et
1075 2224 1116 2249 se
1151 2224 1296 2250 secura
1331 2216 1548 2264 receptant

558 2275 608 2314 In
646 2275 738 2315 loca
757 2306 768 2325 ,
807 2276 1025 2316 eonsilium
1061 2277 1243 2331 prudens
1277 2275 1506 2330 prudenter
1544 2277 1700 2332 adepti.

559 2339 715 2379 Cedere
749 2354 899 2394 nempe
937 2341 1058 2381 docet
1098 2341 1282 2381 currenti
1316 2341 1422 2381 Naso
1462 2341 1607 2382 furori.

558 2403 762 2457 Opposuit
791 2405 976 2444 medium
1011 2405 1170 2446 flumen
1211 2412 1363 2447 natura
1397 2406 1604 2449 fluentum

559 2467 642 2520 Qui
676 2468 856 2521 burgum
888 2471 996 2509 vallo
1027 2471 1290 2511 disterminat
1325 2474 1532 2514 exteriori.
