2395 3251
1279 345 1323 378 90

587 424 697 466 Mors
743 423 878 464 invisa
918 422 1054 478 rapit,
1094 421 1168 464 uhi
1187 436 1272 464 sese
1306 420 1466 464 dedere·
1500 421 1665 463 nolunt.

636 553 796 595 Taliter
833 553 880 595 in
916 554 1063 596 dextro
1107 568 1239 595 cornu
1276 554 1451 595 Bellona
1493 552 1688 603 furebat,

580 619 641 661 ,Et
678 632 722 659 se
765 619 1037 675 Franoigenis
1068 621 1190 662 vultu
1227 620 1403 661 victoria
1440 620 1539 661 laeto

585 685 921 728 Pollioitabatur.
971 686 1078 728 Casu
1115 692 1259 727 tamen
1302 692 1400 727 ante
1449 685 1649 727 secundos

585 750 769 792 Eventus
805 751 888 792 illis
927 766 969 793 se
1013 751 1327 793 demonstrabat
1369 764 1514 792 amaro

585 815 645 857 Ut
681 815 735 856 sit
772 817 993 857 amabilior
1034 817 1155 858 laetus
1194 822 1288 872 post
1326 816 1464 859 tristia
1502 816 1621 866 finis,

448 880 559 922 1310
589 880 881 936 Praeteritique
924 883 1027 923 mali
1065 888 1268 938 praestent
1306 882 1461 924 oblivia
1497 881 1621 922 risus.

645 945 812 987 Interea
850 960 1005 1002 pugnae
1037 947 1087 989 in
1126 949 1269 990 medio
1307 948 1399 990 Rex
1437 961 1535 988 ense
1578 948 1726 990 relic-to

587 1010 621 1051 F
623 1011 795 1064 ulgurat
838 1012 995 1053 Othoni
1040 1014 1275 1070 oppositus,
1318 1013 1392 1069 qui
1436 1013 1621 1054 millibus
1665 1019 1763 1054 ante

589 1075 642 1116 Se
685 1076 875 1130 peditum
918 1079 1076 1134 triplici
1113 1080 1353 1120 firmaverat
1394 1080 1513 1121 obice
1549 1080 1707 1121 vallum
1721 1111 1732 1130 ‚

589 1140 895 1196 Bolonidesque
934 1144 1017 1184 -sibi
1055 1145 1184 1185 simili
1227 1151 1495 1200 prospexerat
1532 1151 1623 1185 arte

590 1206 725 1261 Inque
765 1208 882 1249 chori
926 1211 1104 1264 speeiem
1143 1211 1302 1265 pedites
1339 1210 1624 1264 triplicaverat
1662 1210 1792 1264 ipsos,

593 1271 652 1313 Ut
690 1273 882 1326 quotiens
920 1275 1046 1315 vellet
1082 1289 1157 1329 per
1194 1289 1262 1316 eos
1306 1275 1522 1316 invaderet
1568 1274 1754 1324 hostem,

593 1335 729 1390 Seque
772 1344 1005 1392 receptaret
1041 1340 1234 1393 quotiens
1278 1354 1382 1395 opus
1426 1345 1531 1380 esset
1574 1339 1620 1379 in
1657 1339 1753 1379 illis.

593 1399 784 1455 Cumque
828 1417 988 1444 moram
1032 1403 1189 1445 faceret
1232 1405 1320 1459 regi
1365 1403 1588 1458 confligere
1627 1404 1773 1443 nolens

595 1463 707 1504 Otho
744 1467 881 1520 prior,
924 1468 1016 1510 Rex
1058 1469 1302 1524 impatiens,
1350 1469 1497 1509 dilatio
1537 1481 1758 1523 nunquam

454 1528 566 1570 1320
594 1528 674 1570 Cui
717 1531 878 1585 placet,
921 1539 963 1573 et
999 1546 1155 1590 pugnae
1192 1535 1394 1576 desiderio
1430 1535 1556 1576 nimis
1601 1535 1773 1583 ardens,

595 1594 877 1638 Theutonioos
915 1599 1052 1639 medio
1089 1601 1278 1654 peditum
1322 1601 1538 1654 praesumit
1581 1600 1713 1641 adire.

596 1659 792 1714 Dumque
829 1662 953 1703 nimis
996 1671 1193 1719 properat
1234 1665 1366 1705 aciem
1404 1672 1624 1720 penetrare
1665 1664 1901 1719 pedestrem

598 1724 696 1765 Mox
731 1726 872 1768 hastas
908 1728 1077 1770 hastata
1107 1741 1261 1771 ‘manus
1299 1730 1471 1780 configit
1508 1731 1554 1770 in
1590 1727 1711 1770 illum

597 1789 788 1841 Quarum
828 1793 964 1848 cuspis
1007 1800 1098 1835 erat
1139 1795 1268 1850 longa
1308 1802 1351 1837 et
1388 1797 1548 1837 subulae
1587 1798 1719 1836 instar
1761 1801 1908 1844 acuta,

598 1852 654 1893 Et
689 1857 896 1897 nonnulla
931 1858 1046 1901 velut
1083 1861 1262 1901 verubus
1300 1861 1474 1903 dentata
1518 1861 1700 1903 recurvis

596 1918 790 1974 Cuspidis
833 1923 879 1964 in
918 1925 1055 1965 medio
1098 1936 1228 1966 uncos
1266 1926 1424 1966 emittit
1458 1932 1621 1966 acutos.

602 1982 676 2023 ffis
714 1985 844 2039 igitur
887 1988 1047 2043 Regem
1091 1990 1251 2046 pedites
1289 1992 1491 2032 incessere
1533 1991 1627 2031 telis

602 2047 695 2087 Non
733 2064 914 2103 cessans,
953 2061 1172 2109 nequeunt
1212 2061 1356 2096 tamen
1396 2055 1489 2112 ejfu's
1532 2056 1701 2096 flectere
1747 2068 1895 2109 eorpus

603 2112 653 2152 In
689 2115 885 2158 dextrum
926 2115 1130 2162 laevumve
1173 2121 1305 2172 latus,
1351 2121 1417 2161 vel
1453 2119 1607 2175 pellere
1650 2120 1776 2171 sella,

465 2177 574 2218 1550
605 2177 715 2219 Ense
755 2194 836 2222 nee
873 2181 1108 2238 impediunt
1150 2186 1255 2241 quin
1293 2186 1385 2226 illos
1426 2185 1658 2240 disgreget,
1706 2186 1819 2225 ultra

605 2242 901 2299 progrediens,
949 2246 1100 2290 multos
1134 2256 1325 2292 sternens
1360 2252 1622 2307 populosque
1661 2252 1890 2292 trucidans.

603 2309 758 2365 Sicque
795 2313 906 2353 viam
945 2315 1028 2355 sibi
1064 2329 1142 2371 per
1179 2317 1335 2358 medios
1375 2317 1674 2358 nichilominus
1713 2316 1853 2357 hostes

607 2373 783 2426 Sternit,
825 2378 880 2417 ad
918 2378 1129 2421 Othonem
1173 2389 1369 2437 properat
1407 2383 1506 2423 dum
1544 2384 1713 2424 tramite
1758 2388 1886 2423 recto.

607 2436 747 2478 Donec
786 2441 823 2480 ei
862 2443 1035 2496 quidam
1073 2447 1245 2501 reliquis
1290 2448 1512 2499 audacior,
1554 2449 1664 2489 inter
