2395 3251
420 571 530 612 1180

1272 360 1315 391 82

558 437 879 492 Ferrandusque
907 437 990 478 suis
1024 437 1186 477 animos
1220 437 1323 478 dum
1356 442 1520 492 pugnat
1554 436 1791 491 adaugens,

559 503 697 544 Hastis
730 502 953 544 confractis
966 534 978 554 ,
1011 502 1283 545 mucronibus
1313 494 1441 558 atque
1476 502 1638 543 cutellis

562 569 786 622 Insistunt,
825 570 1034 626 Dacisque
1068 570 1281 611 securibus
1320 568 1593 610 excerebrant
1622 582 1665 608 se

560 635 719 677 Ictibus
749 635 941 688 alternis,
977 642 1020 677 et
1048 650 1253 691 equorum
1289 635 1449 676 viscera
1480 639 1686 688 rumpunt

564 700 759 742 Demissis
789 701 962 756 gladiis,
1000 701 1266 742 dominorum
1300 713 1477 756 corpora
1508 699 1680 755 quando

563 765 657 807 Non
686 765 847 821 patitur
880 765 990 807 ferro
1026 766 1215 820 contingi
1249 765 1387 808 ferrea
1419 766 1557 809 vestis.

561 830 785 871 Labuntur
818 832 926 872 vecti
959 830 1086 887 lapsis
1120 831 1377 882 vectoribus,
1415 837 1459 871 et
1492 832 1552 871 sic

563 895 791 937 Vincibiles
822 897 957 951 magis
992 897 1176 937 existunt
1208 897 1255 937 in
1294 897 1464 951 pulvere
1503 896 1639 937 strati.

561 962 644 1003 Sed
676 976 755 1003 nec
788 968 895 1004 tunc
928 964 1038 1004 acies
1067 963 1180 1004 valet
1211 963 1306 1003 illos
1337 968 1515 1017 tangere
1551 960 1684 1012 ferro,
1759 984 1763 985 ν

563 1026 615 1067 Ni
655 1027 771 1082 prius
803 1041 1017 1070 armorum
1057 1033 1200 1069 eareat
1228 1027 1462 1068 munimine
1491 1041 1655 1082 corpus.

561 1092 643 1133 Tot
677 1092 778 1135 ferri
812 1108 888 1135 sua
923 1095 1114 1135 membra
1148 1094 1289 1150 plicis,
1322 1098 1386 1133 tot
1420 1092 1597 1147 quisque
1632 1093 1796 1148 patenis

564 1156 760 1211 Pectora,
799 1164 864 1200 tot
898 1161 1044 1211 coriis,
1081 1165 1145 1200 tot
1175 1158 1496 1215 gambesonibus
1531 1165 1714 1199 armant.

425 1224 539 1265 1190
569 1223 637 1264 Sic
671 1225 804 1280 magis
840 1227 992 1267 attenti
1027 1231 1125 1267 sunt
1158 1240 1202 1266 se
1238 1225 1404 1265 munire
1438 1225 1652 1275 moderni,

429 1875 540 1916 1200

566 1289 705 1342 Quam
740 1289 900 1332 fuerint
933 1292 1033 1332 olim
1062 1296 1243 1341 veteres,
1280 1289 1355 1330 ubi
1387 1289 1522 1329 millia
1555 1289 1669 1330 mille

565 1353 663 1396 Una
697 1355 808 1410 saepe
844 1355 911 1396 die
947 1356 1125 1410 legimus
1160 1355 1357 1396 cecidisse
1390 1355 1603 1406 virorum,

565 1419 674 1460 Nam
708 1420 823 1461 mala
856 1420 957 1461 dum
989 1424 1182 1461 crescunt
1216 1419 1365 1461 crescit
1393 1419 1559 1460 cautela
1586 1421 1794 1460 malorum
1808 1451 1818 1469 ,

567 1483 870 1539 Munimenque
903 1499 1060 1527 novum
1096 1490 1244 1525 contra
1281 1499 1392 1526 nova
1425 1485 1512 1526 tela
1540 1491 1753 1540 repertum
1788 1491 1865 1526 est.

625 1547 683 1590 At
718 1550 900 1591 Michael
935 1551 1055 1592 sociis
1090 1551 1242 1591 tellure
1271 1550 1522 1607 juvantibus
1556 1553 1694 1608 ipsum

567 1613 620 1654 Se
654 1614 768 1656 levat
782 1646 795 1666 ,
832 1621 874 1656 et
912 1616 1103 1670 quamvis
1139 1630 1286 1656 coxam
1323 1624 1470 1671 gravet
1504 1616 1594 1673 ejus
1628 1624 1853 1672 utramque

568 1677 704 1732 Plaga
737 1680 911 1734 duplex,
952 1680 1220 1721 commendat
1253 1694 1362 1735 equo
1397 1695 1473 1722 sua
1507 1682 1696 1722 membra
1733 1682 1917 1732 recenti,

570 1743 748 1786 Invento
783 1752 832 1786 ut
866 1746 1009 1787 multis
1046 1746 1140 1787 aliis
1174 1759 1327 1787 sessore
1361 1747 1552 1796 carenti,

570 1808 701 1866 Cujus
735 1811 856 1852 humi
891 1812 1109 1852 dominum
1143 1816 1427 1866 prostraverat
1460 1810 1581 1866 Hugo
1617 1812 1854 1852 Malaunus.

572 1873 648 1916 Ast
681 1876 870 1932 Hugonis
906 1879 1005 1933 equi
1038 1877 1234 1918 Galterus
1268 1877 1315 1917 in
1349 1877 1491 1917 illibus
1526 1890 1667 1917 ensem

571 1941 789 1993 Demittit,
829 1943 1097 1998 peditemque
1131 1942 1253 1983 facit:
1291 1942 1417 1996 pedes
1452 1955 1576 1995 ergo,
1614 1941 1853 1996 pedumque

572 2006 624 2046 Se
653 2020 796 2060 gressu
831 2008 1003 2049 firmans
1038 2008 1151 2048 hosti
1183 2007 1364 2057 vicinat,
1403 2013 1446 2048 et
1479 2007 1586 2047 ictus

573 2070 842 2126 Ingeminans
877 2074 1013 2129 ipsum
1048 2074 1161 2128 cogit
1196 2087 1238 2113 se
1273 2072 1423 2113 dedere
1465 2072 1646 2123 victum,

573 2136 678 2177 Cum
715 2152 799 2193 quo
836 2139 963 2179 etiam
1003 2139 1169 2194 eapitur
1207 2137 1445 2178 Buridanus
1466 2168 1476 2187 ,
1515 2138 1590 2192 qui
1626 2138 1746 2192 quasi
1781 2137 1929 2179 ludens

575 2200 818 2253 Clamabat,
856 2218 971 2244 nunc
1005 2204 1183 2259 quisque
1218 2217 1304 2244 suae
1339 2218 1498 2245 memor
1530 2210 1616 2244 esto
1653 2204 1821 2259 puellae.

634 2267 755 2308 Tunc
791 2268 973 2310 Michael
1005 2270 1126 2310 illum
1160 2270 1233 2324 qui
1270 2269 1595 2311 mortificaverat
1630 2269 1718 2325 ejus

576 2331 877 2388 Cornipedem,
917 2336 1152 2391 vulnusque
1187 2335 1342 2391 duplex
1379 2333 1593 2375 inflixerat
1625 2335 1718 2386 illi,

576 2396 764 2448 Quoerit,
802 2406 844 2439 et
878 2401 1094 2441 inventum
1130 2401 1276 2456 rigidis
1310 2401 1369 2441 sic
1407 2400 1599 2456 implicat
1630 2401 1764 2451 ulnis,

578 2460 631 2500 Et
666 2463 787 2515 galea
822 2465 1033 2506 abstracta
1069 2467 1232 2507 vultum
1266 2481 1362 2508 cum
1393 2474 1562 2523 gutture
1597 2467 1756 2517 nudat,
