2395 3251
1263 405 1329 436 102

581 487 701 528 Nunc
733 485 885 525 multos
921 484 1045 539 lapsis
1079 488 1122 525 et
1159 481 1259 524 ferri
1293 481 1476 538 pondere
1510 481 1680 536 pressis,

580 552 715 606 Inque
747 551 837 605 ipso
870 551 991 606 lapsu
1024 548 1157 591 fracto
1189 548 1444 603 quandoque
1477 546 1669 597 cerebro,

581 615 669 658 Aut
701 616 829 667 collo,
865 621 940 656 aut
974 615 1117 666 costis,
1154 613 1242 655 vita
1276 613 1364 654 sine
1400 611 1571 654 vulnere
1604 611 1756 667 privat.

578 681 632 722 Et
664 681 785 736 quasi
820 695 862 722 se
895 682 971 722 soli
1005 681 1180 722 victoria
1217 679 1370 719 debeat
1400 677 1486 728 illi,

578 746 690 788 Dum
724 746 892 787 desaevit
925 746 969 786 in
1003 745 1100 796 hos,
1139 750 1181 785 et
1214 744 1269 784 ab
1302 743 1368 783 his
1402 757 1444 783 se
1479 742 1603 783 vertit
1635 741 1680 782 in
1714 741 1827 792 illos,

579 811 665 852 Nec
697 811 887 865 requiem
922 811 1058 865 capit,
1095 815 1137 849 et
1170 822 1250 849 nec
1287 808 1343 848 ad
1379 807 1527 847 horam
1559 812 1691 848 cessat
1724 806 1778 847 ab
1812 806 1918 856 ictu,

579 876 630 917 In
664 877 880 917 cerebrum
915 890 1015 916 casu
1047 874 1205 916 ferrum
1240 873 1437 914 subulare
1470 873 1647 926 recepit,

577 941 791 982 Incertum
826 939 943 996 cujus
978 940 1124 995 dextra
1157 940 1441 994 impingente,
1479 938 1680 979 fenestras

439 1005 548 1047 1500
577 1005 658 1046 Per
691 1007 822 1061 galeae
855 1005 1035 1055 medias,
1066 1005 1220 1059 quibus
1253 1010 1314 1044 est
1348 1004 1533 1045 ocularia
1562 1018 1735 1055 nomen,

583 1070 664 1112 Per
696 1083 801 1125 quas
832 1070 1017 1111 admittit
1054 1069 1232 1110 ocularis
1269 1070 1427 1125 popula
1460 1070 1627 1110 lumen:

586 1136 764 1188 Quando
797 1149 1006 1190 nusquam
1039 1135 1141 1174 alias
1175 1134 1220 1174 in
1256 1140 1344 1174 toto
1379 1149 1550 1189 corpore
1584 1140 1788 1189 praestant

581 1200 856 1242 Armamenta
889 1201 1019 1250 viam,
1057 1213 1144 1254 qua
1177 1200 1385 1252 stringant
1423 1200 1598 1241 vulnera
1631 1213 1796 1254 corpus.

583 1265 757 1319 Frigore
792 1265 992 1306 continuo
1028 1264 1175 1304 lethali
1208 1264 1398 1305 membra
1429 1265 1663 1317 rigescunt,

581 1329 870 1383 Hostilemque
910 1343 1035 1382 super
1068 1334 1269 1382 stragem,
1306 1342 1436 1382 quam
1471 1334 1674 1370 straverat
1706 1330 1814 1382 ipse,

585 1394 744 1434 Fundit
776 1407 909 1447 equus
943 1393 1179 1443 dominum,
1221 1391 1339 1447 cujus
1374 1393 1487 1447 rapit
1520 1393 1645 1447 ignea
1678 1406 1841 1434 sursum

585 1458 658 1499 Vis
693 1458 899 1509 animam,
939 1471 1087 1511 corpus
1121 1462 1337 1497 terrenum
1371 1463 1484 1498 terra
1516 1459 1688 1513 recepit.

641 1521 700 1562 At
735 1522 949 1562 Barrensis
987 1534 1115 1576 eques
1149 1520 1245 1562 cum
1276 1521 1369 1578 jam
1406 1522 1596 1579 subjecta
1628 1537 1776 1564 cruore

586 1586 700 1629 Arva
732 1593 988 1628 cruentasset
1021 1587 1177 1639 multo,
1211 1586 1371 1628 fastidit
1408 1588 1582 1637 inertes,

581 1652 636 1693 Et
672 1652 785 1694 vinci
822 1651 985 1702 faciles,
1025 1666 1206 1706 quorum
1240 1658 1377 1706 spreto
1414 1654 1583 1707 agmine
1618 1654 1752 1695 solum

447 1717 559 1758 1510
587 1717 741 1758 Tendit
773 1718 819 1756 in
853 1715 1082 1767 Othonem,
1120 1716 1192 1756 sed
1222 1715 1314 1772 jam
1347 1733 1423 1773 per
1452 1720 1544 1760 lora
1578 1720 1751 1760 tenebat

581 1783 730 1823 Petrus
765 1796 862 1822 eum
899 1781 1187 1833 Malevicinus‚
1228 1782 1363 1837 deque
1404 1784 1573 1838 agmine
1610 1784 1737 1825 denso

582 1849 764 1890 Fortiter
792 1849 983 1903 implexis
1024 1848 1174 1888 dextra
1209 1849 1398 1889 luctante
1433 1851 1607 1905 lupatis.

584 1914 799 1955 Extricare
836 1914 997 1964 volens,
1039 1913 1164 1954 turba
1197 1914 1449 1969 impediente
1478 1916 1697 1971 nequibat.

586 1979 785 2030 Advolat,
823 1985 865 2020 et
893 1981 1084 2021 strictum
1118 1981 1192 2021 dat
1231 1980 1367 2020 eidem
1401 1981 1589 2036 Scropha
1624 1980 1825 2022 cutellum

586 2045 770 2085 Pectoris
803 2045 849 2084 in
882 2045 1042 2095 medio,
1079 2059 1158 2086 nec
1193 2045 1339 2086 cedere
1373 2044 1508 2085 ferrea
1542 2045 1652 2086 ferro

590 2108 722 2149 Arma
754 2109 900 2149 volunt
907 2139 920 2160 ,
958 2110 1110 2163 quibus
1146 2108 1258 2149 Otho
1293 2124 1385 2150 suos
1419 2111 1656 2151 muniverat
1683 2117 1811 2151 artus.

588 2173 804 2228 Replicat‚
844 2174 973 2228 inque
1003 2175 1134 2214 ictum
1170 2174 1316 2214 dextra
1349 2175 1597 2229 indignante
1630 2174 1831 2216 Girardus

591 2238 738 2279 Acrius
771 2238 972 2294 insurgit,
1010 2239 1082 2280 sed
1116 2252 1246 2293 equus
1281 2240 1438 2281 cervice
1477 2240 1614 2281 levata

590 2303 757 2354 Obviat‚
794 2309 837 2344 et
870 2318 969 2346 casu
1002 2305 1236 2345 venientem
1273 2304 1445 2359 suscipit
1477 2304 1630 2355 ictum,

440 2369 564 2409 ,1520
595 2368 759 2423 Perque
792 2370 960 2411 oculum
989 2369 1033 2410 in
1072 2370 1231 2410 cerebri
1264 2370 1402 2411 medio
1436 2371 1647 2411 lethaliter
1681 2371 1788 2411 ictus

594 2433 645 2474 Se
678 2434 806 2484 levat,
842 2435 970 2489 inque
1003 2435 1127 2490 pedes
1163 2441 1276 2476 stans
1310 2443 1359 2477 ut
1387 2451 1518 2492 capra
1550 2438 1818 2492 posteriores,

594 2500 654 2539 De
686 2498 799 2541 Petri
834 2502 1026 2542 manibus
1060 2502 1194 2556 ruptis
1231 2502 1406 2544 extricat
1439 2503 1635 2553 habenis,
