2395 3251
418 2283 499 2320 250

1260 385 1301 417 18

531 467 628 506 Jam
666 464 993 506 retrocedentem
1011 493 1023 514 ,
1075 477 1153 503 nec
1195 476 1291 502 eum
1339 462 1521 516 tetigisse
1567 462 1775 503 volentem
1789 491 1800 511 ‚

533 530 639 571 Cum
678 531 787 571 nihil
820 545 870 571 ex
907 529 1018 570 facto
1067 528 1221 570 referat
1254 528 1333 569 nisi
1372 528 1548 568 dedecus
1585 528 1674 568 illo.

532 597 616 638 Nec
649 611 789 647 mora,
828 610 906 636 nec
940 595 1126 650 requies,
1170 595 1274 649 quin
1310 593 1401 650 jam
1431 593 1636 647 deglutiat
1669 593 1803 648 ipsum
1823 623 1834 642 ,

532 663 583 702 Ni
621 663 804 717 prudens
842 662 971 701 hostis
1000 665 1207 715 praetenta
1247 659 1416 713 cuspide
1445 664 1562 698 scuto

531 727 752 781 Unguibus
796 725 959 783 objecto
977 757 988 776 ,
1036 725 1136 765 dum
1178 724 1252 764 dat
1285 724 1458 778 vestigia
1496 729 1606 764 retro
1624 755 1636 775 ,

533 793 581 833 In
615 795 708 834 loca
741 808 784 834 se
819 792 1010 833 retrahat
1045 805 1131 831 non
1165 789 1440 843 irrumpenda
1474 789 1601 829 leoni.

592 859 660 898 Sic
696 873 800 913 puer
827 858 872 897 in
908 856 1112 896 Comitem
1146 855 1239 896 Rex
1272 855 1582 906 debacchatur,
1620 860 1662 895 et
1701 855 1838 910 ipsum

533 924 811 978 Subsequitur
845 937 984 978 presso
1019 923 1207 977 relegens
1241 921 1417 974 vestigia
1445 934 1607 974 gressu,

532 989 667 1040 Quem
703 990 806 1043 quia
839 989 1051 1029 sublatum
1087 988 1173 1028 fato
1209 987 1288 1028 sibi
1322 987 1427 1027 vidit
1457 987 1620 1041 iniquo,

533 1053 667 1105 Quem
702 1054 923 1094 tutabatur
956 1053 1109 1093 totiens
1143 1053 1245 1108 fuga
1284 1053 1415 1092 tutior
1450 1052 1576 1092 armis
1593 1083 1605 1102 ,

532 1119 796 1173 Propositum
834 1124 1001 1159 mutans
1037 1119 1140 1159 fines
1176 1118 1288 1159 subit
1328 1116 1650 1167 Ambianenses,

533 1183 591 1223 Ut
625 1183 798 1224 Comitis
838 1183 1033 1224 manibus
1067 1189 1156 1224 tam
1193 1184 1352 1223 claram
1388 1183 1538 1222 liberet
1573 1182 1745 1232 urbem,

533 1249 670 1300 Quam
707 1249 872 1289 munire
910 1263 1046 1289 comes
1085 1255 1234 1289 contra
1271 1255 1594 1303 praesumpserat
1632 1249 1782 1303 ipsum.

533 1313 750 1368 Multaque
784 1320 922 1354 castra
955 1314 1108 1368 quibus
1149 1315 1248 1354 urbs
1283 1315 1629 1355 circumcluditur
1670 1314 1784 1368 ipsa,

534 1379 592 1418 Ne
631 1380 725 1433 quis
761 1380 811 1419 de
852 1379 966 1419 facili
1002 1380 1110 1419 vires
1151 1380 1355 1434 perducat
1393 1381 1448 1421 ad
1484 1381 1641 1435 ipsam,

533 1445 583 1484 Ni
623 1445 738 1500 prius
778 1446 853 1486 illa
893 1447 979 1486 solo
1023 1446 1190 1486 studeat
1224 1452 1487 1501 prosternere
1522 1451 1674 1485 castra.

589 1631 819 1684 Postquam
854 1637 956 1671 nota
999 1632 1080 1671 fuit
1118 1638 1241 1672 tanta
1282 1632 1518 1686 indignatio
1552 1632 1679 1686 Regis
1700 1663 1709 1680 ,

533 1694 748 1735 Atrebatae
783 1695 957 1745 comiti,
1000 1696 1152 1735 metuit
1195 1697 1294 1747 sibi,
1342 1702 1563 1749 castraque
1599 1697 1697 1736 velli

532 1759 736 1813 Imperat,
777 1766 826 1799 ut
864 1766 976 1801 totus
1015 1761 1220 1801 exercitus
1255 1768 1376 1802 exeat
1415 1764 1529 1802 ultra

531 1824 677 1864 Amnis
721 1839 851 1879 aquas
862 1841 872 1875 3
922 1832 1074 1881 parent
1111 1826 1307 1878 Flandri,
1354 1830 1537 1869 tentoria
1584 1829 1764 1877 vellunt,

532 1890 750 1945 Transque
789 1898 933 1932 meant
967 1892 1146 1943 fiumen,
1191 1899 1234 1933 et
1272 1894 1331 1933 ibi
1376 1909 1452 1935 sua
1489 1900 1627 1934 castra
1669 1894 1854 1933 locantes

532 1954 569 1994 A
613 1957 758 1996 castris
798 1957 926 2010 Regis
964 1959 1112 2012 procul
1146 1958 1169 1998 e
1203 1959 1374 2013 regione
1414 1965 1636 1999 steterunt.

531 2019 727 2060 Protinus
767 2019 953 2076 ejusdem
992 2024 1125 2062 noctis
1166 2024 1243 2064 sub
1280 2030 1470 2079 tempore
1510 2024 1675 2078 scriptis

532 2084 585 2124 Et
619 2099 742 2139 prece
777 2086 974 2126 sollicitat
1009 2086 1281 2128 Guillelmum
1320 2103 1415 2129 cum
1454 2089 1699 2128 Theobaldo
1720 2120 1730 2137 ,

532 2149 589 2191 Ut
631 2151 861 2205 prudenter
901 2152 956 2192 ad
993 2152 1073 2192 hoc
1108 2153 1274 2193 studeat
1317 2154 1516 2193 inducere
1553 2153 1711 2207 Regem
1731 2185 1740 2203 ,

531 2215 720 2266 Quorum
756 2217 901 2258 doctor
941 2224 1032 2258 erat
1067 2224 1108 2258 et
1143 2220 1375 2260 avunculus
1410 2218 1498 2274 ejus
1533 2223 1734 2272 uterque,

529 2281 651 2333 Quod
689 2284 892 2324 concedat
928 2285 965 2324 ei
1006 2290 1174 2339 treugas
1215 2286 1362 2325 saltem
1397 2291 1490 2325 octo
1531 2284 1698 2334 diebus,

532 2346 644 2396 Quas
684 2348 807 2388 simul
841 2349 1024 2390 obtinuit
1058 2350 1139 2390 illis
1175 2351 1481 2400 mediantibus,
1520 2350 1564 2389 in
1599 2364 1640 2388 se

532 2412 661 2452 Fastu
703 2414 888 2468 deposito
923 2417 1095 2457 tandem
1131 2416 1277 2457 Comes
1312 2417 1400 2471 ipse
1437 2430 1647 2465 reversus,

533 2475 670 2518 Armis
704 2477 898 2535 projectis
930 2479 1088 2536 Regem
1128 2483 1353 2523 submissus
1392 2481 1568 2531 adorat,
