2395 3251
436 566 543 608 1600

370 1219 380 1225 ”
442 1218 550 1258 1610

1258 423 1323 454 110

573 502 663 542 Non
708 507 849 541 tamen
888 506 949 541 est
992 502 1166 541 vetitum
1210 500 1432 540 defendere
1469 514 1594 554 seque
1633 513 1812 554 suosque

572 566 682 607 Dum
721 580 808 607 non
852 566 1024 606 excedat
1062 566 1215 621 positos
1259 565 1443 606 defensio
1486 565 1607 605 fines.

632 631 880 687 Angligenae
922 633 1140 673 dominum
1183 638 1407 687 postquam
1451 631 1590 671 videre
1629 630 1770 684 ligari,

575 698 781 739 Nimirum
820 699 988 739 attoniti
1025 713 1128 753 quos
1168 698 1342 752 crapula
1386 697 1581 751 donaque
1625 695 1782 736 Bacchi

577 763 750 804 Dulcius
795 763 1008 814 alliciunt,
1051 777 1181 817 quam
1224 762 1320 802 duri
1365 762 1511 802 munia
1553 761 1721 811 Martis,

577 829 630 869 Se
673 843 869 883 campum
910 830 1075 869 nudant
1114 828 1368 882 fugiuntque
1412 841 1488 882 per
1532 828 1625 868 avia
1663 828 1857 882 sparsim,

578 893 671 945 Quo
714 892 815 947 fuga
853 894 1107 948 praecipites,
1155 907 1240 948 quo
1280 893 1409 932 mixto
1448 892 1621 932 horrore
1664 893 1806 933 timori

579 957 707 998 Casus
750 958 857 1013 agit,
902 959 1142 1013 sociumque
1185 959 1299 1012 fugae
1349 957 1571 998 Bolonicus
1610 956 1732 1011 Hugo

578 1021 629 1063 Se
673 1022 774 1063 facit
819 1024 1005 1075 illorum,
1050 1038 1129 1063 nec
1179 1038 1274 1063 eum
1308 1022 1460 1077 fugisse
1500 1022 1709 1076 pudebat,

578 1087 662 1139 Qui
704 1089 827 1129 modo
872 1104 959 1144 prae
995 1090 1155 1129 cunctis
1200 1089 1359 1129 bellum
1401 1086 1647 1138 affectabat,
1692 1093 1734 1127 et
1768 1088 1906 1142 ipsum

579 1152 825 1195 Bolonidem
858 1156 1059 1206 irridens,
1100 1156 1297 1195 timidum
1334 1153 1597 1206 infidumque
1637 1152 1834 1202 vocabat,

581 1218 703 1270 Quod
747 1220 1003 1261 dissuaderet
1039 1221 1335 1275 pugnandum,
1379 1232 1457 1257 nec
1493 1216 1580 1256 fore
1624 1222 1763 1257 tutum

584 1285 750 1325 Diceret
792 1287 837 1326 in
876 1288 1003 1340 plano
1050 1287 1157 1327 vires
1201 1297 1410 1340 opponere
1454 1282 1649 1331 Francis,

586 1351 775 1404 Quorum
819 1353 991 1393 virtutes
1000 1383 1012 1403 ,
1061 1366 1241 1406 quorum
1282 1350 1391 1389 bene
1432 1352 1606 1387 noverat
1645 1352 1788 1389 actus:

595 1417 708 1456 «Tu
747 1416 900 1470 fugies,
944 1419 1078 1467 aiens,
1126 1418 1243 1470 lepus
1282 1420 1330 1454 ut
1372 1412 1571 1464 fugitivus
1580 1442 1592 1461 ,
1636 1426 1713 1466 ego
1759 1418 1900 1453 autem

586 1497 604 1518 »
644 1480 732 1522 Aut
772 1480 1036 1531 interfectus,
1087 1486 1161 1520 aut
1204 1492 1346 1534 passus
1390 1477 1530 1518 vincla
1568 1477 1762 1517 manebo.
1798 1494 1816 1514 »

643 1545 735 1586 Hac
783 1560 881 1600 ergo
923 1546 1152 1587 Ardanidae
1195 1544 1311 1599 longi
1351 1543 1532 1582 Saxones
1580 1541 1634 1580 ab
1668 1542 1744 1581 illa

586 1611 712 1650 Parte
760 1611 871 1666 fugae
909 1611 1156 1661 intendunt,
1204 1608 1410 1664 Waphali
1448 1621 1544 1647 cum
1587 1606 1943 1648 Theutonicorum

589 1675 773 1716 Millibus
812 1677 911 1716 inde
951 1677 1129 1726 abeunt,
1169 1675 1273 1714 hinc
1311 1689 1353 1714 se
1396 1673 1633 1714 Brabancio
1679 1688 1804 1714 cursu

589 1740 794 1781 Subducit
831 1741 1025 1790 Francis,
1072 1740 1158 1781 hac
1206 1739 1473 1789 Flandricus,
1516 1736 1718 1791 Anglicus
1763 1739 1862 1779 illac

588 1805 673 1846 Nec
711 1807 894 1861 reperire
933 1806 1077 1847 dolent
1116 1806 1279 1860 aliquas
1318 1818 1392 1858 per
1431 1803 1561 1858 plana
1605 1803 1808 1853 latebras,

451 1870 561 1912 1620
591 1869 732 1912 Cruda
771 1872 922 1926 quibus
967 1872 1129 1912 lateant
1171 1871 1319 1911 saltem
1357 1868 1458 1908 dum
1499 1867 1673 1908 vulnera
1713 1869 1944 1922 stringant,

590 1936 798 1976 Hor-rendi
836 1937 982 1976 saltem
1027 1937 1128 1977 dum
1168 1939 1357 1975 transeat
1398 1933 1506 1973 hora
1540 1932 1714 1983 furoris,

588 2001 700 2041 Dum
739 2006 854 2041 satur
899 2001 954 2042 ad
992 2001 1120 2042 loculi
1159 2000 1322 2056 gladius
1362 1998 1462 2039 velit
1499 2011 1575 2037 ora
1614 1998 1787 2049 reverti,

592 2067 703 2107 Dum
748 2067 903 2108 Franci
947 2068 1112 2108 modica
1150 2071 1310 2107 cessent
1348 2063 1375 2104 a
1417 2063 1532 2103 caede
1575 2063 1642 2104 vel
1681 2062 1787 2103 hora

594 2132 677 2184 Qui
717 2132 996 2187 persistebant
1032 2132 1108 2172 hos
1148 2131 1325 2180 caedere,
1364 2128 1533 2168 funibus
1574 2127 1668 2167 illos

594 2196 804 2237 Innodare
849 2197 952 2247 suis,
995 2197 1148 2251 quibus
1188 2196 1268 2250 ipsi
1312 2193 1671 2247 Francigenarum

607 2261 767 2316 Impete
811 2261 888 2302 sub
933 2261 1068 2316 primo
1108 2262 1271 2302 dextras
1311 2265 1476 2300 arctare
1515 2263 1735 2313 putarunt.

656 2390 846 2446 Cumque
880 2392 989 2433 latus
1030 2391 1131 2432 belli
1170 2391 1272 2446 fuga
1308 2389 1401 2447 jam
1448 2388 1646 2429 nudasset
1683 2393 1909 2445 utrumque

599 2454 748 2496 Stabat
787 2456 926 2497 adhuc
967 2457 1156 2511 peditum
1194 2455 1331 2497 medio
1375 2469 1417 2495 se
1461 2468 1570 2509 saepe
1608 2459 1825 2514 receptans

601 2518 840 2570 Bolonides,
884 2535 963 2560 nec
1005 2535 1136 2563 saevus
1176 2521 1314 2563 adhuc
1354 2520 1542 2562 cessabat
1580 2519 1716 2560 amica
