2395 3251
434 519 518 561 980

433 1173 528 1221 990

435 1818 546 1858 1000

438 2468 548 2507 1010

1273 376 1316 409 68

578 455 756 496 Credere
772 484 784 506 ‚
822 460 1050 510 praesumat
1084 453 1199 509 quod
1234 454 1327 509 quis
1361 458 1545 494 tractare
1579 457 1742 494 sacrato

576 520 695 561 Bella
728 520 795 560 die
815 551 826 571 ,
865 521 941 561 soli
977 521 1056 561 sibi
1091 534 1217 575 quem
1252 519 1363 559 Deus
1397 519 1485 573 ipse
1520 519 1712 560 sacravit.

576 586 774 626 Continet
808 601 907 641 ergo
943 587 1097 641 gradus
1131 592 1174 626 et
1207 584 1491 641 praecedentia
1524 590 1634 624 stare

575 650 707 706 Signa
734 651 882 708 jubet,
919 652 1191 706 loquiturque
1225 650 1308 690 suis
1342 651 1422 690 hoc
1456 651 1603 691 ordine
1636 649 1803 691 charis:

643 717 784 757 «Ecce
817 717 931 771 quod
966 717 1164 771 optabam
1182 746 1195 764 ,
1233 714 1435 756 Dominus
1469 716 1572 755 mihi
1609 715 1789 756 contulit
1824 713 1935 755 ultro
1954 742 1966 762 ‚

576 799 594 819 »
620 780 727 821 Ecce
762 795 888 836 supra
920 781 1140 830 meritum,
1177 785 1331 834 praeter
1365 795 1480 835 spem
1515 781 1652 834 gratia
1688 779 1808 820 nobis

579 848 719 887 »Sola
753 847 828 886 Dei
864 846 1026 887 confert
1065 846 1180 901 quod
1213 851 1356 886 votum
1391 845 1579 900 praeterit
1613 859 1760 894 omne,

575 928 593 949 »
619 912 731 964 Quos
766 926 841 966 per
875 911 1074 951 circuitus
1110 911 1338 965 spatiosos,
1376 924 1535 964 perque
1569 910 1732 951 viarum

575 977 836 1017 »Discursus
867 977 1000 1018 varios
1035 976 1159 1016 modo
1193 976 1453 1016 conabamur
1487 974 1633 1025 adire,

577 1059 595 1080 »
619 1042 728 1083 Ecce
761 1042 815 1082 ad
851 1057 925 1083 nos
960 1043 1072 1083 ultro
1106 1042 1275 1082 Domini
1311 1039 1522 1080 miseratio
1558 1039 1706 1088 ducit3

576 1124 593 1145 »
619 1107 807 1161 Frangat
840 1113 889 1148 ut
927 1108 1014 1162 ipse
1048 1122 1141 1148 suos
1181 1121 1255 1161 per
1295 1120 1370 1146 nos
1406 1106 1530 1145 simul
1565 1111 1607 1145 et
1641 1105 1767 1146 semel
1801 1104 1968 1154 hostes,

575 1172 815 1213 »Hostibus
847 1172 918 1212 ille
954 1173 1036 1212 suis
1070 1177 1212 1212 nostro
1246 1185 1448 1211 mucrone
1483 1171 1670 1221 secabit3

576 1237 809 1277 »Membra
842 1237 920 1277 sibi
955 1237 1081 1277 faciet
1115 1251 1190 1276 nos
1225 1236 1506 1276 instrumenta
1541 1236 1733 1284 secandi,

575 1318 593 1338 »
618 1301 694 1341 Ille
728 1301 839 1341 idem
875 1315 1092 1356 percussor
1125 1301 1227 1350 erit,
1265 1314 1340 1340 nos
1375 1300 1573 1350 malleus,
1612 1300 1684 1339 ille

574 1366 760 1406 »Totius
796 1371 943 1406 auctor
977 1367 1057 1406 erit
1090 1366 1214 1415 belli,
1252 1379 1327 1404 nos
1362 1369 1459 1406 vero
1490 1365 1686 1405 ministri.

575 1432 702 1471 »Nec
737 1432 884 1472 dubito
918 1432 1022 1486 quin
1057 1446 1099 1471 sc
1133 1431 1310 1473 victoria
1344 1428 1534 1469 conserat
1570 1430 1660 1480 illi,

574 1495 731 1547 »Quin
766 1496 902 1536 hostes
937 1496 1156 1551 proprios,
1195 1495 1348 1550 quibus
1383 1501 1444 1535 est
1478 1495 1691 1547 infensus,
1729 1502 1770 1537 et
1805 1497 1891 1550 ipse

575 1578 593 1597 n
618 1560 669 1600 In
704 1561 824 1601 nobis
859 1561 1030 1612 vincat,
1068 1567 1110 1601 et
1143 1575 1218 1601 nos
1253 1560 1468 1602 vincamus
1501 1561 1547 1600 in
1581 1561 1686 1616 ipso.

576 1641 594 1662 »
619 1625 714 1665 Jam
748 1625 886 1665 Patris
921 1631 1090 1679 patrum
1125 1626 1265 1679 gladio
1300 1640 1489 1666 meruere
1523 1626 1668 1677 feriri,

576 1705 594 1725 »
620 1689 703 1741 Qui
737 1695 1093 1743 praesumpserunt
1127 1690 1246 1729 illum
1281 1690 1488 1743 spoliare,
1527 1691 1694 1745 suisque

576 1753 848 1794 »Ecclesiam
883 1755 1050 1809 privare
1085 1755 1228 1805 bonis,
1266 1755 1501 1809 solidosque
1536 1756 1689 1810 quihus
1724 1772 1765 1797 se

576 1818 740 1858 »Nunc
774 1833 943 1873 quoque
977 1825 1235 1870 sustentant,
1274 1819 1394 1860 Clero
1414 1851 1425 1870 ‚
1463 1821 1763 1876 monachisque
1797 1823 2013 1874 tulerunt,

574 1900 592 1920 »
617 1882 961 1938 Pauperibusque
997 1885 1096 1936 Dei,
1135 1899 1315 1939 quorum
1350 1886 1588 1925 maledictio
1623 1887 1798 1927 damnat

575 1965 594 1985 »
619 1948 673 1988 Et
707 1949 926 1989 damnabit
960 1964 1028 1990 eos
1063 1964 1243 2004 quorum
1278 1951 1543 2004 querimonia
1577 1951 1729 1992 coelum

577 2029 595 2049 »
620 2013 730 2052 Dum
764 2019 957 2067 penetrat
991 2020 1110 2068 coget
1144 2015 1237 2054 illos
1271 2015 1541 2056 succumbere
1575 2016 1726 2067 nobis;

577 2095 596 2116 »
621 2078 656 2118 E
688 2085 835 2119 contra
868 2080 989 2120 nobis
1024 2080 1307 2121 communicat
1333 2110 1344 2129 ,
1382 2086 1424 2120 et
1453 2081 1646 2135 precibus
1678 2096 1753 2121 nos

578 2160 596 2180 »
622 2142 808 2199 Adjuvat
841 2145 1015 2185 ecclesia
1033 2176 1045 2195 ,
1080 2151 1121 2185 et
1155 2145 1333 2185 Domino
1369 2147 1635 2187 commendat
1669 2148 1840 2202 ubique.

578 2224 597 2246 »
622 2207 702 2248 Per
737 2209 832 2249 loca
864 2214 978 2249 certa
1011 2215 1154 2250 tamen
1189 2225 1264 2265 pro
1300 2211 1420 2251 nobis
1453 2213 1625 2267 pronius
1658 2221 1803 2265 orant,

578 2271 755 2328 »Major
787 2273 833 2313 in
867 2273 1021 2315 affectu
1055 2275 1208 2329 quibus
1243 2281 1305 2315 est
1339 2276 1506 2317 dilectio
1542 2273 1713 2329 nostra,

580 2338 744 2379 »Unde
779 2339 864 2393 spei
900 2339 1030 2380 solido
1067 2354 1169 2394 rogo
1205 2340 1353 2380 robore
1388 2343 1662 2393 consolidati,

581 2402 766 2442 »Hostes
795 2403 980 2444 ecclesiae
1014 2419 1084 2445 vos
1119 2405 1307 2446 hostibus
1343 2406 1585 2448 exhibeatis.

580 2466 714 2506 »Non
749 2467 878 2518 mihi,
917 2469 989 2508 sed
1023 2469 1162 2520 vobis,
1202 2475 1243 2510 et
1275 2484 1405 2525 regno
1439 2474 1604 2515 vincere
1639 2482 1775 2517 vestra
