2395 3251
1303 386 1349 419 ⁷4

459 499 2186 530 uum»wwwwwwmwwwwwwuwwwwwwwwwwwwwwwwwwwwwwwwwwwmwwwwwwmww

825 644 1023 679 Undecimus
1054 649 1168 680 varias
1198 655 1324 692 strayes
1350 650 1459 688 habet,
1494 654 1661 695 imperiali

818 698 1007 733 Standardo
1032 701 1149 734 mundi
1177 702 1358 739 Dominum
1387 717 1421 737 se
1450 707 1598 749 disputat
1633 703 1719 738 Ocho

819 752 891 786 Sul>
922 757 1005 787 serie
1031 761 1119 787 certa
1150 756 1326 799 disponunt
1349 763 1482 801 aymina
1509 770 1615 802 reyes,

824 829 1687 844 ···············

819 857 892 890 Rex
923 859 1026 896 cadit.
1063 858 1148 892 omo
1170 862 1278 906 [πρίῃ
1307 862 1452 896 Francis
1477 866 1614 896 victoria
1641 864 1738 896 cedit.

657 1183 947 1239 Christophori
981 1185 1215 1244 Jacobique
1248 1189 1336 1230 dies
1366 1195 1460 1246 post
1488 1190 1645 1246 gaudia
1679 1188 1798 1240 festi,

601 1249 765 1291 Primus
799 1257 888 1292 erat
921 1251 1080 1293 domini
1115 1254 1183 1294 oui
1218 1255 1323 1296 dant
1359 1269 1386 1296 a
1420 1256 1592 1297 nomine
1626 1268 1779 1296 nomen

597 1314 857 1357 Christicolae
872 1347 884 1367 ,
923 1332 1067 1359 verum
1101 1320 1275 1375 gentiles
1308 1320 1404 1362 solis
1437 1321 1620 1362 eundem

595 1380 695 1422 Esse
729 1383 873 1423 volunt
894 1414 905 1433 ,
944 1384 1123 1438 primam
1157 1387 1232 1441 qui
1265 1386 1346 1427 sibi
1379 1386 1494 1426 dicat
1526 1386 1638 1426 illius
1676 1384 1847 1426 horam.

596 1446 754 1487 Nomen
794 1448 907 1488 enim
941 1449 1014 1489 dat
1047 1451 1200 1506 cuique
1238 1466 1360 1492 suum
1393 1452 1566 1506 planeta
1599 1451 1710 1501 diei,

597 1509 674 1550 Cui
705 1510 885 1565 primam
919 1513 992 1553 dat
1023 1528 1205 1570 quaeque
1238 1516 1326 1557 dies
1359 1516 1595 1572 specialiter
1628 1515 1780 1556 horam

597 1575 756 1616 Ordine
789 1591 875 1631 quo
909 1579 1034 1633 prisci
1069 1580 1290 1635 designant
1323 1587 1514 1636 tempora
1547 1586 1683 1622 vates.

458 1640 565 1679 1070
654 1639 770 1680 Vidit
803 1647 851 1681 ut
884 1641 997 1682 Otho
1031 1657 1105 1683 suo
1139 1645 1323 1685 Francos
1357 1661 1455 1687 oum
1488 1648 1603 1701 Rege
1638 1646 1788 1686 levatis

597 1704 663 1745 Ad
697 1720 883 1760 pugnam
922 1707 1049 1762 signis
1082 1708 1143 1749 ita
1176 1709 1424 1751 festinanter
1456 1711 1598 1751 adesse
1617 1741 1629 1760 ,

596 1770 708 1820 Quos
740 1771 826 1811 solo
862 1772 1052 1813 audierat
1086 1774 1214 1814 victos
1245 1781 1404 1815 terrore
1434 1775 1608 1825 reverti,

595 1836 643 1876 In
679 1838 858 1891 patriam
893 1837 1090 1893 fugiendo
1125 1854 1266 1891 suan13
1305 1840 1506 1890 miratur,
1544 1846 1587 1880 et
1621 1853 1769 1894 exspes

596 1902 632 1941 A
667 1903 772 1943 laeva
804 1905 977 1958 paulum
1012 1905 1191 1946 retrahit
1223 1905 1399 1959 vestigia
1432 1910 1552 1960 parte
1572 1936 1582 1954 ,

593 1967 940 2024 Componensque
970 1970 1078 2010 acies
1114 1984 1277 2024 gressus
1312 1970 1506 2024 obliquat
1538 1970 1592 2010 ad
1629 1968 1788 2010 Arcton
1809 2000 1821 2020 ‚

595 2032 707 2083 Quas
739 2033 800 2074 ita
834 2035 1034 2075 continua
1068 2038 1172 2076 serie
1202 2036 1417 2091 protendit
1440 2037 1486 2077 in
1522 2037 1711 2091 amplum
1730 2068 1742 2087 ‚

595 2096 782 2152 Occupet
814 2104 862 2139 ut
895 2100 1032 2154 prima
1067 2107 1325 2142 armatorum
1359 2101 1496 2142 fronte
1530 2102 1718 2141 virorum

593 2161 758 2203 Direote
790 2170 959 2205 extensa
991 2179 1132 2220 passus
1165 2166 1248 2207 duo
1282 2166 1417 2206 millia
1449 2171 1590 2206 terrae.

591 2227 659 2267 Sic
693 2230 819 2270 etiam
856 2231 948 2272 Rex
980 2232 1067 2286 ipse
1096 2247 1184 2274 suae
1217 2232 1466 2288 protendere
1504 2230 1677 2281 frontis·

457 2293 562 2332 1080
594 2292 760 2334 Cornua
795 2297 980 2346 curavit,
1018 2311 1071 2337 ne
1106 2297 1211 2339 forte
1245 2297 1558 2353 praeanticipari
1576 2329 1587 2347 ,

595 2357 680 2397 Aut
714 2359 938 2401 intercludi
971 2367 1059 2403 tam
1093 2363 1226 2404 multo
1260 2362 1388 2418 possit
1421 2363 1476 2403 ab
1511 2362 1646 2402 hoste.

654 2422 748 2462 Mox
780 2424 889 2465 Otho
920 2426 1085 2481 imperii
1119 2428 1338 2469 declarans
1374 2429 1495 2483 signa
1514 2459 1526 2479 ‚
1566 2428 1794 2484 volensque

589 2486 684 2526 Jam
719 2490 838 2542 quasi
872 2492 1087 2544 promeriti
1120 2507 1209 2534 rem
1244 2493 1468 2548 praelibare
1503 2492 1714 2547 trophaei,
