2395 3251
1262 416 1326 446 120

628 495 729 534 Haeo
774 494 914 534 dicens
957 499 1072 533 terra
1110 493 1322 533 nolentem
1366 507 1533 548 surgere
1578 508 1732 535 eaesum

571 560 714 614 Cogit,
761 565 803 599 et
844 573 1059 614 aspersum
1102 559 1241 600 vultus
1287 564 1328 598 et
1373 559 1565 599 membra
1604 561 1763 601 cruoris

564 624 777 675 Flumine,
819 624 887 665 vix
931 625 977 664 in
1022 638 1178 679 equum
1223 637 1299 663 sua
1345 626 1533 666 membra
1572 627 1710 667 levare
1750 627 1972 676 valentem:

566 687 671 728 Cum
713 701 868 742 magno
913 688 1025 727 tollit
1066 688 1239 742 plausu,
1282 689 1350 728 vix
1391 689 1574 745 denique
1618 692 1794 742 vietum,

563 751 703 807 Atque
746 753 971 806 Nigellensi
1016 753 1089 792 dat
1132 767 1228 792 eum
1277 767 1438 796 servare
1483 757 1693 809 Johanni,

564 817 647 869 Qui
684 823 850 871 gratum
897 818 985 871 regi
1024 831 1175 856 munus
1220 826 1444 872 praesentet
1490 823 1684 862 eundem.

433 1031 590 1052 mmmmm
596 1029 1978 1056 uvwxmmvwwwxmmmmvxmumvxmmmvxwummwwwxwwxmwwmwwwwuwww
1984 1036 2139 1056 mmmmm

784 1242 945 1273 Partitur
973 1242 1108 1282 praedczs
1140 1243 1317 1273 duodenus.
1356 1237 1460 1271 Corde
1493 1239 1628 1279 henz'fsno

784 1293 858 1325 Rea:
888 1292 1041 1325 Comitem
1071 1297 1185 1336 recipit
1201 1320 1208 1333 ,
1235 1296 1445 1336 yravilerque
1473 1292 1644 1331 reclmyuz't
1671 1293 1788 1331 ipsum.

788 1345 926 1378 Gaudia
955 1348 1060 1388 reyali
1092 1348 1284 1390 reseruntur
1311 1347 1431 1387 ubique
1461 1344 1638 1385 triumpho.

789 1399 888 1430 Μονε
915 1405 1022 1441 optata
1046 1402 1142 1431 nimis
1170 1401 1274 1431 trahit
1305 1403 1339 1431 in
1370 1410 1430 1431 sua
1450 1399 1537 1440 jura
1563 1397 1591 1429 J
1591 1398 1760 1429 ohannem.

422 1801 530 1842 1780
620 1803 879 1843 Francorum
926 1803 1087 1857 gladios
1131 1803 1262 1842 nimia
1294 1801 1388 1857 jam
1429 1800 1541 1840 eaede
1586 1800 1782 1840 rubentes

559 1869 638 1908 Vix
686 1868 811 1908 foruli
855 1874 1111 1923 agnoscunt,
1154 1881 1343 1923 quosque
1387 1865 1557 1905 emisere
1606 1865 1786 1905 nitentes

558 1934 675 1973 Tabo
720 1934 903 1974 sordenti
949 1939 1130 1974 mutatos
1174 1946 1279 1987 pene
1320 1933 1545 1987 repellunt.

556 1998 652 2038 Jam
696 1999 846 2038 desunt
888 2004 1036 2049 restes,
1078 1998 1170 2054 jam
1210 1997 1361 2037 desunt
1398 1996 1538 2038 vinela
1582 1996 1786 2050 ligandis,

556 2064 700 2103 Turba
749 2064 1015 2118 ligandorum
1059 2077 1234 2104 numero
1279 2063 1402 2117 praeit
1443 2062 1534 2116 ipsa
1577 2061 1781 2115 ligantes,

556 2129 736 2184 Jamque
772 2135 948 2184 parante
990 2144 1108 2170 suam
1150 2129 1253 2167 luna
1295 2127 1523 2181 producere
1567 2125 1733 2179 bigam,

555 2194 660 2234 Solis
703 2194 758 2234 ad
798 2208 1002 2234 oceanum
1046 2207 1172 2233 curvo
1214 2192 1422 2246 quadriga
1468 2196 1609 2230 rotatu

556 2260 670 2309 Ibat,
719 2265 762 2299 et
803 2259 892 2315 ejus
934 2259 1033 2313 equi
1077 2259 1171 2298 laxo
1210 2257 1407 2298 themone
1453 2257 1594 2297 diurni

557 2324 648 2363 Non
693 2325 840 2378 procul
885 2324 1122 2364 antidotum
1163 2323 1406 2376 gaudebant
1453 2336 1538 2361 esse
1578 2321 1752 2371 laboris,

557 2387 668 2438 Quos
712 2389 961 2443 expectabat
1005 2388 1163 2443 gremio
1193 2387 1377 2428 refovere
1421 2387 1581 2442 tepenti

414 2452 526 2492 1790
556 2451 699 2491 Thetis
737 2467 884 2503 ovans,
930 2458 1179 2508 poteratque
1217 2453 1295 2493 viae
1334 2452 1427 2508 jam
1470 2458 1582 2492 meta
1623 2452 1774 2504 videri,

561 2516 654 2569 Qua
694 2517 871 2570 placidae
917 2522 1087 2573 sperant
1131 2531 1173 2557 se
1216 2519 1508 2560 commendare
1553 2516 1689 2572 quieti
