2395 3251
450 704 562 750 1120

449 1429 562 1470 1150

459 2081 568 2122 1140

1286 370 1331 402 78

593 449 809 489 Fulminat
842 449 888 489 in
923 447 1126 489 Flandros
1162 447 1272 489 acies
1307 446 1587 504 Campanica,
1626 446 1804 502 Duxque

591 513 866 568 Allobrogum
885 545 896 566 ‚
933 519 975 554 et
1009 513 1152 554 Sancti
1187 512 1310 553 Pauli
1345 512 1515 566 Comes,
1551 519 1679 569 atque
1712 512 1926 554 Johannes

590 578 951 631 Bellimontensis,
988 584 1030 620 et
1064 593 1169 634 quos
1204 578 1466 619 Medardicus
1501 578 1632 620 abbas

589 644 783 696 Miserat,
821 645 1026 685 immensa
1058 645 1191 685 claros
1225 644 1434 699 probitate
1466 644 1639 685 clientes

590 709 672 750 Ter
701 710 827 751 denos
861 711 1017 762 decies,
1055 723 1236 765 quorum
1270 709 1486 750 exultabat
1518 709 1564 750 in
1598 709 1724 750 armis

589 776 776 828 Quilibet
810 778 919 817 altus
954 791 1083 831 equo,
1123 775 1347 831 gladioque
1378 774 1579 816 horrebat
1612 780 1654 815 et
1689 773 1811 815 hasta
1829 805 1841 824 ,

589 840 711 881 Valle
745 841 990 882 Suessonica
1025 855 1155 896 quam
1189 840 1317 881 fortia
1351 853 1529 896 corpora
1563 844 1759 894 surgunt3

588 907 701 958 Quos
734 908 845 948 inter
878 907 1122 962 Regemque
1154 907 1234 949 viri
1267 906 1422 948 virtute
1457 903 1617 946 corusci

587 971 741 1014 Astant
775 973 977 1013 continua
1010 972 1137 1023 serie,
1174 972 1392 1026 scalasque
1425 985 1596 1013 suorum

588 1039 755 1094 Quique
788 1039 1082 1094 Magistrorum
1115 1039 1295 1079 densant
1329 1038 1430 1078 dum
1464 1035 1645 1077 buccina
1670 1048 1824 1075 saevum

588 1103 836 1160 Obstrepat,
875 1111 924 1146 ut
955 1104 1080 1145 celeri
1114 1104 1285 1145 levitate
1319 1101 1512 1143 ferantur
1546 1101 1592 1140 in
1625 1099 1803 1140 hostem.

648 1234 814 1275 Interea
849 1234 1003 1275 electus
1038 1232 1138 1274 levis
1171 1233 1270 1273 istos
1304 1231 1439 1272 ambit
1472 1235 1516 1271 et
1548 1230 1641 1270 illos

590 1298 877 1355 Hortaturque
912 1314 998 1341 suae
1032 1299 1208 1353 vigilent
1240 1302 1289 1338 ut
1321 1297 1500 1352 quisque
1535 1296 1685 1346 saluti,

590 1364 770 1405 Fortiter
804 1370 852 1405 ut
885 1365 1035 1420 patriae
1069 1368 1289 1418 pugnent,
1327 1368 1369 1402 et
1402 1361 1531 1416 Regis
1563 1360 1746 1411 honori,

591 1430 768 1483 Sintque
803 1444 888 1470 suae
919 1444 1121 1470 memores
1156 1429 1291 1483 gentis
1309 1459 1321 1480 ‚
1360 1441 1457 1483 quae
1492 1440 1653 1481 semper
1686 1427 1733 1467 in
1762 1426 1878 1468 omni

590 1493 803 1535 Conflictu
838 1495 988 1536 victrix
1021 1495 1159 1535 hostes
1193 1492 1424 1547 confregit,
1461 1491 1506 1533 id
1539 1496 1682 1532 autem

591 1559 860 1615 Summopere
895 1565 1095 1612 caveant,
1133 1573 1187 1600 ne
1219 1559 1329 1614 ipsos
1362 1556 1620 1599 numerosior
1655 1555 1786 1598 hostis

591 1625 761 1666 Cornua
794 1625 1046 1680 protendens
1081 1624 1189 1665 forte
1222 1624 1504 1665 intercludere
1538 1622 1690 1678 possit,

593 1689 652 1729 Nc
687 1690 790 1730 serie
820 1690 941 1729 series
975 1690 1028 1730 sit
1058 1689 1225 1743 longior
1258 1688 1389 1729 hostis
1424 1702 1568 1729 eorum
1587 1719 1599 1738 ,

594 1756 654 1795 Ne
689 1760 852 1796 scutum
887 1755 1004 1795 miles
1038 1754 1168 1795 faciat
1201 1754 1254 1795 de
1287 1755 1443 1805 milite,
1482 1754 1555 1794 sed
1589 1766 1632 1793 se

596 1821 781 1876 Quisque
814 1836 887 1862 suo
921 1821 1060 1862 fronte
1094 1821 1286 1876 opposita
1318 1825 1465 1875 sponte
1498 1817 1647 1859 offerat
1681 1818 1808 1859 hosti.

652 1887 842 1942 Cumque
875 1893 1163 1938 morarentur,
1201 1900 1280 1927 nec
1312 1884 1588 1939 dignarentur
1621 1888 1767 1937 aperto

596 1951 774 1992 Credere
806 1966 848 1991 se
881 1966 1028 2007 campo
1042 1983 1053 2002 ‚
1091 1951 1265 1992 seriesve
1300 1950 1498 1991 excedere
1532 1948 1706 1988 Flandri
1725 1978 1736 1997 ,

597 2017 824 2071 Impatiens
857 2017 1059 2058 Suessona
1092 2017 1280 2073 phalanx
1314 2015 1516 2057 suadente
1549 2013 1709 2055 Garino
1728 2045 1740 2065 ‚

598 2081 848 2136 Cornipedes
883 2089 1043 2138 quanto
1076 2087 1305 2138 potuerunt
1340 2094 1508 2121 currere
1543 2093 1667 2120 cursu
1689 2110 1700 2130 ‚

599 2148 810 2188 Invadunt
844 2149 956 2199 illos,
994 2164 1071 2190 nec
1104 2148 1222 2189 miles
1255 2149 1290 2189 it
1323 2147 1468 2188 obvius
1502 2146 1583 2186 illis

601 2213 871 2265 Flandricus,
909 2220 984 2255 aut
1018 2212 1154 2255 motus
1188 2213 1360 2268 aliquod
1395 2212 1469 2253 dat
1503 2224 1677 2266 corpore
1711 2211 1902 2265 signum,

601 2278 829 2332 Indignans
863 2281 1040 2320 nimium
1074 2279 1188 2334 quod
1225 2293 1311 2319 non
1345 2277 1373 2318 a
1409 2277 1542 2317 milite
1579 2276 1757 2331 primus,

603 2345 659 2385 Ut
693 2346 856 2397 decuit,
893 2347 1012 2387 fieret
1045 2347 1145 2387 belli
1179 2357 1403 2386 concursus
1436 2343 1481 2382 in
1516 2342 1633 2392 illos,

604 2409 712 2451 Neve
747 2413 1079 2452 verecundentur
1113 2413 1168 2452 ab
1202 2411 1268 2452 his
1303 2409 1525 2450 defendere
1542 2440 1554 2460 ,
1593 2410 1627 2448 si
1661 2424 1703 2449 se

603 2474 775 2516 Prorsus
809 2477 1108 2518 abhorrescant
1126 2507 1136 2525 ,
1175 2490 1269 2516 cum
1304 2475 1357 2515 sit
1390 2474 1525 2528 pudor
1559 2474 1731 2515 ultimus
1764 2474 1850 2514 alto
