2395 3251
1254 371 1296 402 86

419 456 530 498 1240
558 455 779 510 Tantaque
817 451 866 492 fit
908 453 1006 494 totis
1044 455 1311 507 pugnantum
1353 446 1558 488 immixtio
1597 446 1779 500 campis,

555 521 660 561 Tam
705 533 834 575 prope
877 533 919 559 se
961 518 1185 559 inveniunt
1228 515 1413 572 percussi
1458 519 1501 555 et
1539 513 1844 569 percutientes,

553 584 679 637 Quod
722 585 790 626 vix
827 584 1024 640 elongare
1069 596 1269 633 manum,
1312 595 1397 636 quo
1442 579 1591 621 fortius
1636 579 1743 619 ictus

553 650 772 692 Inculcare
815 655 967 706 queat,
1011 649 1193 706 spatium
1233 648 1359 688 datur
1404 653 1479 688 aut
1521 648 1637 688 locus
1674 646 1779 696 ulli,

557 717 748 772 Quaeque
790 723 1016 759 armaturae
1059 716 1182 757 vestis
1222 718 1398 755 consuta
1442 726 1636 768 supremo

559 783 702 824 Serica
741 784 894 838 cuique
938 782 1040 822 facit
1079 781 1204 822 certis
1248 779 1463 820 distinctio
1507 778 1637 833 signis

557 846 628 888 Sic
671 861 867 902 percussa
913 852 1054 902 patet,
1102 846 1163 887 sio
1197 845 1399 887 intercisa
1437 844 1612 885 minutis

556 913 746 953 Pietatiis
785 913 964 968 pendet,
1013 913 1115 953 dum
1154 912 1380 953 demolitur
1418 910 1610 951 eamdem

557 977 715 1018 Tunsio
759 978 909 1020 crebra
948 978 1074 1019 nimis
1118 977 1250 1017 clavae
1289 977 1502 1019 mucronis
1548 980 1590 1015 et
1632 974 1782 1024 hastae,

559 1042 683 1094 Quod
721 1043 790 1086 vix
833 1042 860 1083 a
906 1043 1026 1084 sociis
1069 1043 1210 1084 hostes
1249 1042 1494 1097 dignoscere
1539 1044 1727 1096 possunt.

421 1107 532 1149 1250
559 1107 761 1150 Cruribus
800 1109 972 1150 inversis
1011 1108 1129 1165 jacet
1167 1109 1389 1163 resupinus
1434 1120 1564 1148 arena

560 1173 640 1214 Hic
684 1174 814 1215 latere
858 1174 1030 1229 obliquo
1074 1174 1184 1224 ruit,
1233 1174 1340 1215 alter
1383 1172 1538 1213 vertice
1583 1184 1716 1225 prono

561 1238 764 1291 Labitur,
809 1246 938 1294 atque
979 1241 1110 1280 oculis
1151 1238 1348 1281 exhaurit
1384 1243 1427 1278 et
1470 1250 1541 1277 ore
1585 1235 1796 1275 saburam.

564 1303 644 1345 Hic
688 1318 839 1359 eques,
883 1305 954 1345 ille
998 1305 1124 1359 pedes
1168 1303 1316 1344 vinclis
1355 1315 1397 1342 se
1433 1300 1650 1355 mancipat
1694 1299 1825 1347 ultro,

566 1368 678 1409 Dum
722 1369 872 1423 perimi
915 1370 1049 1422 magis
1094 1369 1183 1408 odit
1221 1368 1282 1408 ibi
1320 1366 1451 1420 quam
1494 1366 1633 1407 vivere
1677 1365 1825 1405 victus.

565 1434 867 1488 Quadrupedes
911 1439 1050 1474 autem
1095 1433 1249 1488 passim
1286 1445 1363 1486 per
1395 1444 1499 1472 rura
1539 1430 1700 1470 videres

566 1498 795 1539 Exsufflare
834 1498 1019 1548 animas,
1067 1498 1140 1540 alii
1180 1497 1373 1550 disrupta
1415 1509 1490 1550 per
1534 1495 1677 1536 alvum

565 1563 676 1603 Exta
712 1568 908 1613 vomunt,
951 1563 1025 1603 alii
1068 1561 1353 1617 procumbunt
1393 1560 1552 1615 poplite
1597 1559 1728 1600 flexo:

567 1627 740 1682 Absque
780 1627 862 1667 suis
908 1627 981 1666 alii
1020 1627 1199 1667 dominis
1239 1626 1498 1676 discurrere,
1541 1639 1667 1680 seque

570 1693 710 1734 Gratis
756 1692 901 1732 sessori
941 1692 1070 1733 cuivis
1117 1691 1266 1732 offerre
1305 1690 1524 1735 vehendo„

431 1758 540 1800 1260
571 1758 653 1798 Vix
691 1757 843 1812 aliquis
885 1757 1001 1798 locus
1040 1762 1122 1808 est,
1164 1770 1249 1810 quo
1293 1770 1381 1796 non
1425 1761 1500 1796 aut
1538 1769 1715 1810 corpora
1753 1762 1884 1797 strata

572 1824 763 1865 Invenias
778 1854 789 1874 ,
830 1823 896 1864 vel
933 1837 1062 1878 equos
1101 1828 1289 1864 extrema
1325 1821 1371 1861 in
1410 1826 1544 1861 morte
1587 1826 1813 1876 gementes.

630 1888 686 1930 Et
723 1888 818 1943 quis
859 1888 939 1929 erit
976 1889 1128 1944 dignus
1171 1886 1298 1942 digne
1340 1902 1572 1929 memorare
1610 1888 1795 1942 vigorem

574 1955 788 1996 Gaucheri
827 1954 1023 2006 Comitis,
1071 1970 1156 2010 quo
1195 1953 1367 1995 summis
1407 1953 1566 1995 viribus
1613 1953 1685 1994 ille

576 2020 745 2074 Quique
788 2020 908 2060 illum
954 2021 1143 2075 sequitur
1180 2019 1334 2061 armati
1377 2018 1522 2059 militis
1561 2032 1737 2072 agmen,

577 2085 659 2126 Per
697 2085 855 2125 medias
900 2085 1031 2134 acies,
1071 2099 1147 2140 per
1185 2083 1488 2125 confertissima
1525 2083 1722 2123 Flandrae

578 2149 712 2190 Millia
752 2150 917 2191 militiae
961 2149 1095 2191 trifidi
1134 2149 1329 2191 transivit
1368 2149 1424 2190 ad
1461 2149 1597 2188 instar

576 2215 782 2255 Fulminis
800 2247 812 2267 ,
854 2215 1126 2270 imbellesque
1168 2215 1284 2256 velut
1326 2212 1528 2267 dispergit
1567 2218 1712 2270 anates

579 2278 812 2335 Accipiter,
853 2281 1025 2336 quando
1069 2286 1163 2321 atra
1200 2279 1331 2321 fames
1368 2277 1492 2335 jecur
1535 2277 1697 2318 ulcerat
1735 2277 1848 2334 ejus,

582 2345 798 2396 Quoslibet
836 2347 1043 2402 oppositos
1081 2346 1161 2388 sibi
1204 2346 1379 2402 dissipat
1417 2345 1524 2386 alter
1565 2343 1748 2399 Ogerus,

446 2410 555 2451 1270
586 2410 751 2464 Perque
789 2411 927 2454 hostes
971 2412 1128 2455 mcdios
1164 2425 1363 2454 mucrone
1406 2411 1518 2453 viam
1562 2410 1641 2451 sibi
1680 2412 1793 2452 nudo

586 2475 796 2529 Ampliat,
838 2478 1040 2520 instantes
1077 2478 1105 2519 a
1143 2479 1298 2519 dextris
1334 2478 1418 2519 sive
1462 2476 1661 2518 sinistris:
