2395 3251
1237 387 1280 417 24

506 471 769 526 Propositum
805 473 962 517 mutat,
1001 471 1164 506 mutato
1198 470 1385 517 tempore
1420 462 1590 501 classem

506 536 703 590 Praecipit
736 540 784 575 ut
817 537 1011 588 properet
1045 530 1261 571 Savaricus
1297 529 1447 568 ducere
1481 527 1669 576 Danum,

506 601 784 654 Pictonesque
818 599 880 639 sui
916 598 1068 652 quibus
1104 609 1171 635 ars
1205 595 1383 649 piratica
1417 599 1518 633 nota
1556 598 1639 641 est,

393 666 478 707 5¹10
510 665 649 720 Atque
683 665 880 704 Latinato
914 662 1081 703 Galiota
1114 675 1211 700 cum
1246 659 1455 700 Ludovico

397 1318 422 1356 01

406 2034 431 2072 <21

436 2034 460 2072 01

428 1319 452 1357 ῙΘ

508 731 699 785 Cumque
733 743 808 769 sua
843 729 949 768 nulli
985 733 1110 781 rupta
1150 731 1348 780 parcente
1382 723 1569 764 Cadocus
1587 754 1598 772 ,

507 797 666 836 Littore
699 795 898 834 Bolonico
934 792 1182 832 diffunditur
1216 791 1261 829 in
1296 804 1410 829 mare
1446 789 1612 828 classis:

509 852 671 913 Vixque
705 860 803 898 satis
840 872 923 912 quo
966 862 1109 897 currat
1141 856 1292 904 habet,
1332 854 1454 893 nimis
1490 858 1607 892 arcta
1637 851 1832 891 videntur

509 924 697 978 AEquora
730 930 793 963 tot
830 922 1014 972 ratibuS,
1056 921 1205 961 austris
1241 919 1469 974 spiramina
1504 918 1680 966 desunt,

510 990 613 1029 Vela
648 989 800 1043 quibus
835 992 899 1028 tot
934 1001 1075 1041 sparsa
1110 991 1268 1040 queant
1302 985 1468 1024 sinuare
1503 997 1579 1037 per
1615 982 1775 1032 undas,

510 1053 615 1105 Quae
650 1054 682 1092 si
718 1058 871 1093 cuncta
904 1053 1003 1093 velis
1038 1066 1122 1091 uno
1158 1050 1337 1104 defigere
1371 1049 1483 1097 visu,

512 1120 643 1159 Frons
678 1119 807 1159 oeulis
842 1124 917 1158 tua
951 1118 1095 1157 linceis
1131 1122 1315 1156 armetur
1349 1119 1526 1168 oportet.

512 1186 633 1237 Quod
668 1186 701 1225 si
736 1185 812 1225 sub
848 1198 1022 1224 numero
1057 1181 1353 1237 comprendere
1387 1178 1494 1219 forte
1529 1178 1689 1218 labores

511 1251 692 1291 Navibus
729 1249 933 1303 Argolicis
969 1263 1073 1303 quas
1107 1248 1241 1287 Eurus
1277 1246 1321 1285 in
1358 1244 1509 1284 Aulide
1544 1245 1671 1297 longo

513 1315 715 1370 Tempore
750 1315 953 1364 detinuit,
991 1314 1070 1353 iter
1104 1312 1354 1366 impediente
1387 1310 1603 1364 pelasgum

514 1381 704 1435 Neptuno
721 1412 730 1430 ,
769 1394 821 1420 ne
855 1379 982 1419 Troia
1020 1379 1143 1418 cadat
1178 1391 1306 1431 quam
1342 1382 1547 1416 struxerat
1580 1376 1687 1430 ipse,

514 1447 773 1502 Quingentas
808 1447 871 1486 bis
906 1445 1095 1500 quinque
1127 1449 1236 1484 rates
1269 1448 1310 1482 et
1346 1447 1527 1496 quatuor
1562 1441 1683 1480 adde.

572 1578 665 1629 Quo
699 1592 740 1617 se
774 1591 860 1617 non
893 1575 1038 1625 vertit,
1077 1580 1197 1629 egeat
1236 1588 1290 1614 ne
1324 1586 1490 1628 prorsus
1526 1576 1703 1624 egestas,

515 1642 652 1693 Quam
686 1643 764 1681 sibi
799 1656 885 1681 non
920 1640 1132 1679 mendicat
1165 1652 1308 1691 opem,
1348 1638 1422 1691 qui
1461 1651 1547 1676 non
1582 1636 1710 1675 habet
1747 1649 1795 1674 ex
1823 1648 1864 1673 se

517 1705 731 1746 Auxilium
770 1705 848 1744 sibi
884 1704 1088 1744 sufficiens
1123 1703 1306 1741 instante
1341 1701 1517 1756 periclo,

518 1770 733 1825 Praecipue
768 1770 846 1809 sibi
882 1768 978 1809 cum
1013 1782 1054 1807 se
1090 1766 1236 1806 fortior
1269 1767 1461 1807 imminet
1494 1766 1648 1815 hostis,

518 1835 685 1875 Viribus
720 1841 761 1874 et
797 1848 922 1874 eausa
956 1847 1040 1887 quo
1075 1846 1116 1871 se
1149 1831 1261 1871 videt
1290 1846 1374 1872 esse
1409 1832 1638 1880 minorem,

518 1902 653 1955 Seque
689 1915 780 1941 suos
816 1899 1006 1940 meminit
1041 1898 1192 1938 laesisse
1226 1897 1403 1937 scienter
1437 1897 1615 1944 amieos,

518 1966 673 2006 Omnia
705 1970 953 2020 praetentat,
995 1978 1136 2003 omnes
1171 1977 1212 2002 se
1246 1962 1370 2003 vertit
1404 1962 1458 2001 ad
1489 1975 1602 2000 arces
1618 1992 1630 2009 ,

521 2033 715 2072 Hostibus
749 2046 799 2071 ex
833 2032 930 2085 ipsis
965 2030 1054 2069 fieri
1090 2030 1168 2069 sibi
1203 2032 1325 2068 curat
1359 2026 1533 2076 amicos,

520 2096 709 2148 Quorum
745 2096 935 2136 subsidiis
977 2093 1280 2133 alios'eludere
1315 2091 1455 2145 possit.

580 2162 738 2216 Saepius
772 2160 969 2200 erudiunt
1002 2171 1211 2212 perversas
1246 2157 1418 2197 verbera
1452 2162 1609 2196 mentes
1624 2187 1634 2205 ,

523 2229 704 2283 Plusque
740 2226 994 2281 flagellando
1029 2223 1184 2263 servilis
1219 2235 1342 2277 paena
1376 2221 1584 2275 timorque

524 2294 716 2344 Proficit,
755 2299 802 2333 ut
836 2290 1033 2346 reprobos
1071 2288 1342 2343 reproborum
1372 2288 1566 2341 reprobes
1601 2287 1717 2327 actus
1733 2317 1743 2337 ,

526 2358 661 2408 Quam
697 2358 860 2397 divinus
895 2369 1035 2404 amor,
1070 2359 1143 2393 aut
1178 2352 1416 2392 exhortator
1450 2353 1606 2392 amicus

528 2422 661 2461 Possit
694 2423 748 2461 ab
783 2421 953 2461 assuetis
987 2431 1179 2459 revocare
1210 2416 1392 2456 reatibus
1427 2417 1534 2456 illos.

527 2485 762 2527 contritum
798 2485 996 2525 simulans
1030 2482 1171 2524 fallaci
1202 2482 1324 2523 corde
1359 2482 1513 2524 fatetur
