2395 3251
1248 446 1314 478 140

424 537 489 563 xix,
515 527 606 566 chap.
632 527 666 560 1,
691 524 752 554 dit=
787 523 945 554 «Carabus
973 530 1068 563 parva
1095 522 1178 552 scafa
1202 531 1240 552 ex
1265 523 1379 552 vimine
1405 520 1501 557 sacta,
1528 529 1599 560 quae
1623 525 1766 551 contexta
1791 521 1889 550 crudo
1914 522 2018 559 corio,
2049 532 2144 562 genus

424 588 439 602 n
455 575 568 613 navigii
598 573 726 612 praebet.
749 585 762 599 n
791 573 838 601 Un
863 577 951 602 autre
977 576 1088 602 auteur
1115 571 1218 601 donne
1246 571 1278 601 la
1310 571 1410 601 meme
1443 569 1620 600 definition:
1643 582 1657 597 u
1678 569 1814 599 Carabus
1838 579 1934 609 parva
1967 570 2080 609 scapha
2111 580 2148 600 ex

425 635 440 650 ι»
455 623 568 652 vimine
588 627 618 650 et
643 621 740 651 corio.
753 633 766 648 n

463 694 536 724 Vnus
560 694 632 723 551.
659 694 737 728 Quis
769 703 814 722 me
846 698 916 722 teste
942 693 1004 722 Deo
1030 698 1084 722 erc.
1118 691 1231 731 Rigord
1262 702 1339 721 nous
1369 691 1424 721 fait
1451 691 1610 721 connaitre
1640 691 1679 720 de
1704 691 1733 720 la
1759 691 1895 720 manicare
1922 690 2076 727 suivante,
2106 690 2151 720 les

423 742 540 772 raisons
573 742 627 780 qui
652 742 773 770 avaient
797 742 916 780 engage
947 742 1238 780 Philippo-Auguste
1266 740 1283 768 ὲ
1311 750 1343 769 se
1367 740 1480 769 rendre
1505 749 1544 768 cn
1567 739 1763 778 Angleterre,
1787 739 1890 778 projet
1912 749 1971 778 que
1988 739 2018 768 13
2040 748 2152 778 guerre

423 789 461 818 de
491 789 621 818 Flandre
646 790 711 818 vint
737 798 914 818 renverser:
954 790 1076 817 «Causa
1103 798 1173 827 quae
1198 787 1372 825 Philippum
1398 796 1504 824 regem
1531 790 1669 815 moverat
1696 786 1735 815 ad
1761 786 1838 821 hoc,
1865 790 1899 814 ut
1923 786 2015 814 vellet
2039 786 2073 814 in
2094 787 2154 815 An-

425 851 439 865 a»
456 838 549 878 gliam
575 838 792 873 transfretare,
819 837 877 866 suit
902 841 936 865 ut
961 838 1120 875 episcopos
1143 836 1197 875 qui
1223 835 1276 863 diu
1303 835 1320 863 a
1346 834 1469 863 sedibus
1495 834 1556 862 suis
1582 834 1673 872 ejecti
1697 834 1729 862 in
1752 843 1849 872 regno
1875 843 1931 862 suo
1957 833 2153 870 exsulabant,

425 900 439 914 ιι
456 888 518 916 suis
547 888 682 916 ecclesiis
715 887 909 922 restitueret,
934 890 969 914 ut
998 886 1136 914 divinum
1175 884 1349 917 servitium,
1381 881 1464 920 quod
1494 882 1558 919 jam
1590 891 1646 920 per
1680 882 1873 920 septennium
1903 881 1936 909 in
1961 886 2024 910 tota
2048 881 2155 920 Anglia

425 948 439 962 ι)
456 939 644 970 cessaverat,
669 934 785 963 faceret
808 934 967 968 renovari,
1001 938 1032 962 et
1058 939 1093 961 ut
1117 934 1217 971 ipsum
1241 940 1347 970 regem
1368 929 1538 958 Johannem
1561 928 1615 968 qui
1635 933 1782 967 nepotem
1804 939 1891 969 suum
1909 931 2052 958 Arturum
2074 929 2157 958 occi-

425 994 440 1010 ι»
455 983 558 1017 derat,
586 983 640 1021 qui
666 986 697 1010 et
723 983 870 1021 plurimos
896 981 1040 1020 parvulos
1066 980 1188 1010 obsides
1214 978 1415 1019 suspenderat
1442 982 1472 1006 et
1500 977 1617 1016 flagitia
1644 977 1885 1006 innumerabilia
1909 981 2154 1016 perpetraverat,

425 1042 441 1058 n
456 1031 504 1059 vel
526 1040 625 1069 poenae
652 1030 813 1069 condignae
838 1030 1023 1068 subjiceret,
1056 1029 1105 1057 vel
1131 1038 1148 1057 a
1175 1038 1271 1067 regno
1295 1028 1419 1057 omnino
1441 1027 1584 1066 ejiciens,
1607 1026 1777 1056 secundum
1803 1026 1974 1066 agnominis
1995 1024 2157 1055 sui‘inter-

425 1091 442 1106 n
457 1080 678 1120 pretationem,
707 1080 831 1108 omnino
862 1078 997 1108 efficeret
1022 1079 1087 1108 sine
1112 1083 1207 1107 terra.
1230 1089 1243 1104 n

467 1152 541 1182 vaus
564 1152 635 1181 559.
665 1151 841 1191 Panrlulpho
859 1151 975 1191 judice.
1371 1186 1380 1192 .

466 1200 510 1229 En
541 1200 635 1234 1213,
664 1199 856 1237 pandulphe,
890 1199 1028 1228 cardinal
1059 1197 1249 1227 sous-diacre
1275 1196 1314 1226 de
1341 1196 1460 1235 l’Eglise
1490 1196 1637 1224 Romaine
1663 1194 1709 1224 sut
1740 1194 1857 1233 envoye
1889 1204 1928 1223 en
1960 1195 2157 1243 Arngleterre,

430 1256 547 1276 comme
574 1247 656 1286 legat
680 1248 722 1276 du
748 1248 826 1276 saint
847 1247 940 1285 perc,
965 1257 1046 1285 pour
1068 1251 1178 1275 mettre
1204 1255 1248 1273 un
1274 1250 1370 1274 terme
1396 1255 1455 1273 aux
1482 1244 1640 1273 discordes
1667 1244 1707 1273 de
1727 1245 1802 1273 Jean
1824 1248 1855 1273 et
1879 1243 1918 1272 de
1944 1243 2074 1284 l’Eglise.

470 1327 543 1355 Vnus
566 1327 637 1356 565.
660 1326 820 1365 Sexaqinta
845 1327 933 1355 viros.
960 1327 1040 1354 Dans
1066 1335 1121 1354 son
1149 1324 1277 1353 histoire
1305 1334 1344 1353 en
1369 1333 1478 1362 prose,
1509 1327 1597 1352 notre
1625 1327 1734 1352 auteur
1763 1323 1809 1352 dit
1838 1333 1899 1362 que
1927 1324 1957 1352 le
1989 1323 2036 1353 roi
2058 1322 2160 1353 rendit

431 1375 476 1405 les
504 1377 609 1414 otages
633 1375 672 1404 de
697 1375 798 1412 Gand,
823 1375 947 1413 d'Ypres
972 1379 1004 1403 et
1025 1374 1063 1402 de
1089 1376 1220 1412 Bruges,
1247 1382 1326 1411 pour
1351 1376 1451 1401 trente
1478 1371 1562 1400 mille
1588 1381 1691 1401 maros
1715 1371 1871 1410 d’argent.

471 1454 544 1484 Vnus
567 1453 638 1483 575.
661 1453 787 1482 Nectit
809 1463 889 1482 mora
915 1453 1002 1481 dicto.
1028 1452 1052 1480 11
1080 1451 1198 1490 parait,
1226 1451 1344 1489 d'apres
1373 1460 1409 1479 ce
1434 1460 1578 1489 passage,
1607 1460 1668 1489 que
1699 1450 1862 1479 l'incendie
1887 1450 1930 1480 du
1959 1454 2040 1480 reste
2064 1450 2104 1480 de
2131 1451 2161 1480 la

431 1502 517 1532 flotte
549 1503 589 1530 de
623 1501 910 1540 Pliilippe-Auguste
943 1500 989 1531 sut
1018 1501 1047 1529 le
1074 1500 1201 1529 resultat
1225 1499 1316 1528 d'unc
1343 1498 1558 1527 deliberation.
1588 1499 1634 1526 Un
1661 1502 1748 1527 autre
1777 1503 1888 1526 auteur
1920 1502 2065 1537 rapporte
2099 1507 2161 1538 que

434 1561 469 1581 ce
490 1551 536 1579 sut
560 1551 589 1580 la
616 1550 693 1579 suite
715 1550 788 1578 d'un
811 1555 1007 1579 mouvement
1030 1550 1068 1578 de
1091 1549 1211 1578 colere:
1242 1561 1254 1574 u
1269 1549 1382 1575 Paucas
1403 1550 1506 1574 autem
1532 1555 1623 1574 naves
1646 1555 1716 1584 quae
1737 1550 1949 1574 remanserant
1972 1546 2054 1584 apud
2074 1547 2161 1582 Bam,

434 1611 446 1625 n
464 1599 518 1638 qui
547 1602 592 1627 est
616 1602 722 1637 portus
746 1597 914 1634 Flandriae,
937 1597 1020 1626 unde
1042 1597 1183 1626 abductae
1206 1596 1330 1624 fuerant
1351 1593 1571 1632 septingentae,
1591 1593 1682 1631 jussit
1703 1603 1757 1621 rex
1778 1594 1810 1622 in
1831 1593 1879 1623 ira
1900 1598 1931 1622 et
1952 1592 2163 1633 indignatione

432 1660 447 1675 n
465 1648 617 1678 comburi.
631 1660 643 1674 a·
676 1647 747 1676 L’on
772 1652 846 1686 peut
871 1648 938 1676 voir
958 1647 987 1676 le
1014 1646 1092 1675 recit
1119 1647 1157 1675 de
1183 1645 1318 1675 Mathieu
1344 1642 1427 1671 Paris
1454 1651 1506 1670 sur
1533 1645 1582 1670 cet
1606 1641 1799 1670 evenement.

474 1728 548 1757 Vsus
573 1727 644 1756 583.
674 1726 760 1761 Quod
784 1737 911 1766 reqnum
939 1726 1105 1765 Anqlorum
1128 1735 1184 1766 per
1207 1734 1259 1753 nos
1288 1723 1346 1752 sibi
1371 1722 1463 1750 Roma
1486 1721 1611 1760 subeqit.
1640 1720 1725 1750 Voici
1750 1721 1780 1750 la
1805 1720 1937 1749 formule
1963 1720 2006 1749 du
2031 1725 2165 1750 serment

436 1785 496 1815 que
529 1775 558 1802 le
593 1775 640 1803 roi
672 1777 747 1803 Jean
776 1776 864 1813 preta
896 1779 983 1802 entre
1014 1775 1057 1803 les
1083 1774 1181 1802 mains
1208 1772 1251 1800 du
1281 1780 1362 1809 pape
1391 1771 1552 1798 Innocent:
1588 1782 1600 1795 ιι
1612 1771 1674 1808 Ego
1702 1769 1874 1805 Johannes,
1904 1770 1959 1798 Dei
1984 1770 2082 1808 gratia
2109 1779 2164 1799 rex

437 1835 451 1849 ι»
469 1822 584 1861 Angliae
612 1826 643 1850 et
668 1822 808 1851 dominus
835 1822 1010 1861 Hyberniae,
1038 1822 1077 1850 ab
1103 1821 1161 1850 hac
1193 1820 1270 1849 hora
1298 1823 1328 1847 et
1355 1817 1387 1845 in
1414 1817 1516 1845 omnia
1540 1816 1636 1844 fidelis
1662 1826 1715 1845 ero
1741 1818 1803 1845 Deo
1830 1821 1861 1845 et
1885 1818 1976 1846 Beato
2001 1818 2108 1852 Petro,
2132 1822 2163 1846 et

434 1883 450 1896 u
466 1870 604 1898 ecclesiae
630 1871 789 1905 Romanae,
818 1874 850 1898 et
875 1869 999 1898 domino
1022 1879 1090 1898 meo
1112 1878 1214 1907 papae,
1237 1866 1361 1895 domino
1381 1864 1576 1899 Innocentio,
1599 1864 1727 1903 ejusque
1749 1865 1993 1900 successoribus,
2016 1864 2178 1894 catholice.

433 1930 447 1944 n
465 1918 662 1946 intrantibus.
692 1918 752 1946 Nec
778 1927 832 1946 ero
861 1917 893 1945 in
919 1917 1022 1953 facto,
1051 1917 1083 1945 in
1107 1917 1208 1951 dieto,
1236 1923 1388 1944 consensu
1413 1913 1462 1942 vel
1488 1913 1633 1950 consilio,
1661 1918 1696 1941 ut
1720 1914 1814 1942 vitam
1840 1913 1972 1952 perdant
1995 1913 2044 1941 vel
2069 1922 2165 1943 mem-

435 1978 449 1992 n
465 1965 540 2000 bra,
567 1965 616 1993 vel
640 1965 719 1994 mala
741 1965 882 2003 captione
910 1965 1083 2003 capiantur.
1110 1966 1222 1993 Eorum
1250 1963 1395 1991 damnum
1421 1962 1447 1990 si
1474 1962 1610 1997 scivero,
1639 1961 1822 2000 impediam,
1852 1966 1883 1989 et
1903 1971 2064 1990 remanere
2090 1961 2166 1999 (non

436 2025 450 2040 u
467 2013 550 2051 fieri)
576 2012 685 2042 faciam
707 2013 731 2041 si
753 2018 873 2052 potero.
902 2013 1045 2052 Alioquin
1071 2013 1135 2048 eis,
1163 2021 1255 2051 quam
1283 2011 1372 2040 citius
1398 2015 1523 2049 potero,
1550 2010 1717 2041 intimabo,
1746 2010 1795 2038 vel
1824 2010 1877 2038 tali
1901 2019 2040 2048 personae
2065 2009 2166 2039 dicam

436 2070 560 2099 nquam
595 2061 637 2088 eis
668 2061 791 2089 credam
819 2070 875 2099 pro
905 2065 989 2089 certo
1021 2060 1186 2089 dicturam.
1223 2059 1388 2088 Consilium
1417 2058 1501 2097 quod
1532 2058 1608 2086 mihi
1639 2057 1850 2093 crediderint,
1885 2067 1941 2096 per
1973 2067 2004 2086 se
2033 2057 2081 2086 vel
2109 2066 2166 2096 per

439 2121 452 2134 ,ι
470 2108 598 2136 nuncios
624 2118 710 2143 suos,
737 2118 806 2136 suas
831 2109 880 2136 vel
906 2118 961 2147 per
986 2109 1117 2144 litteras,
1145 2112 1297 2137 secretum
1327 2108 1454 2143 tenebo,
1483 2112 1514 2136 et.
1539 2107 1578 2135 ad
1605 2116 1712 2135 eorum
1738 2107 1883 2135 damnum
1909 2106 1988 2134 nulli
2014 2106 2162 2144 pandam,

438 2167 453 2181 ,ι
469 2164 519 2184 me
545 2154 670 2184 sciente.
697 2155 916 2184 Patrimonium
943 2158 975 2185 B.
1006 2157 1088 2184 Petri
1120 2160 1151 2184 et
1181 2156 1355 2194 specialiter
1381 2166 1511 2195 regnum
1538 2156 1721 2194 Hyberniae,
1748 2155 1872 2193 adjutor
1907 2164 1961 2183 ero
1995 2154 2035 2182 ad
2059 2158 2166 2183 tenen-

439 2214 454 2229 n»
470 2202 544 2231 dum
569 2206 600 2230 et
624 2202 851 2232 defendendum
879 2209 986 2233 contra
1011 2214 1115 2233 omnes
1140 2204 1279 2234 homines
1304 2215 1360 2245 pro
1387 2215 1475 2244 posse
1501 2214 1583 2234 me0.
1612 2204 1661 2233 Sic
1690 2213 1739 2233 me
1767 2203 1913 2242 adjuvent
1939 2204 2020 2232 Deus
2045 2207 2077 2232 et
2097 2202 2166 2232 haec

440 2264 454 2277 n
472 2252 581 2281 Sancta
608 2252 783 2291 Evangelia.
811 2254 918 2282 Amen.
932 2265 944 2279 n

482 2324 554 2353 Vns
577 2323 648 2353 5910.
671 2324 741 2354 Non
766 2324 819 2353 ubi
842 2325 998 2354 barbariem
1023 2330 1076 2355 etc.
1100 2325 1124 2354 Il
1146 2329 1190 2354 est
1212 2325 1341 2355 eurieux
1362 2324 1401 2355 de
1417 2325 1484 2355 voir
1499 2334 1541 2353 un
1555 2325 1667 2354 Bretou
1689 2333 1730 2353 au
1752 2324 1882 2363 langage
1897 2322 1971 2362 apre
1987 2327 2017 2352 et
2031 2323 2164 2359 inculte,

445 2371 562 2401 donner
586 2371 614 2401 le
637 2381 709 2402 nom
735 2372 774 2401 de
798 2373 929 2403 barbare
956 2373 974 2402 a
1001 2374 1031 2403 la
1055 2374 1167 2413 langue
1193 2373 1358 2405 flamande.

484 2450 557 2480 vans
578 2451 650 2481 6144.
679 2452 773 2481 Cursu
794 2453 937 2491 festinant
961 2458 1053 2492 rapto.
1076 2455 1167 2493 Rapio
1191 2464 1270 2493 pour
1295 2455 1412 2494 rapido,
1438 2464 1555 2484 comme
1583 2454 1659 2482 dans
1689 2463 1739 2484 ces
1766 2463 1834 2483 vers
1860 2453 1899 2483 de
1929 2453 2059 2490 Lucain,
2089 2452 2166 2482 livre

445 2509 478 2528 ιιι
494 2503 524 2528 et
548 2508 579 2527 Π
601 2508 610 2527 e
940 2503 1068 2540 Agmine
1093 2502 1263 2541 nubiferam
1288 2508 1370 2542 rapto
1397 2502 1576 2542 superevolat
1596 2502 1714 2541 Alpem}

446 2547 524 2576 ainsi
542 2546 634 2586 qu'au
655 2546 731 2576 livre
760 2557 807 2583 xv,
941 2570 1003 2578 .....
1028 2554 1109 2588 rapto
1134 2550 1285 2579 tumulum
1305 2551 1390 2590 prior
1414 2552 1532 2589 aqm'zne
1558 2551 1645 2589 cepit.
