2395 3251
1265 406 1330 437 106

586 490 737 542 Quem.
758 487 860 541 quia
897 499 985 526 non
1041 489 1236 540 poterant
1275 482 1459 538 equitem
1499 495 1713 538 superare,
1753 496 1829 537 per
1871 481 1959 538 ejus

581 554 679 595 Illia
721 552 896 594 vectoris
936 551 1095 606 gladios
1132 551 1179 605 in
1221 551 1380 592 viscera
1417 554 1611 603 mergunt
1626 563 1637 599 3

579 619 745 673 Vixque
788 630 918 657 manu
955 617 1084 672 ipsius
1127 616 1343 656 dominum
1386 615 1575 670 eripuere
1616 614 1780 665 tenaci,

580 685 664 739 Qui
709 698 850 725 rursus
888 683 1089 723 mandare
1130 682 1244 736 fugae
1283 695 1358 722 sua
1398 687 1517 735 terga
1555 679 1763 722 studebat.

639 749 715 791 Ast
757 750 820 789 illi
861 747 1132 789 Guillelmum
1172 747 1350 795 obeunt,
1391 759 1610 799 unumque
1649 744 1857 800 putabant

441 818 550 858 1540
580 816 641 857 De
686 816 800 856 facili
839 815 1020 870 peditem
1063 820 1151 853 tam
1190 814 1322 853 multo
1367 811 1499 850 milite
1537 810 1664 851 vinci.

580 882 657 922 Ille
696 886 836 921 autem
880 879 1004 933 pedes
1042 879 1088 918 in
1131 878 1267 918 medio
1306 877 1482 931 vestigia
1524 876 1684 926 firmat,

580 947 715 1002 Seque
758 946 887 986 habet
928 945 1040 985 inter
1082 958 1150 985 eos
1192 944 1291 985 irati
1329 956 1444 983 more
1483 941 1638 991 leonis,

580 1012 702 1053 Nunc
746 1012 903 1061 cultro,
946 1024 1060 1050 nunc
1101 1024 1197 1050 ense
1237 1010 1400 1060 furens,
1447 1022 1526 1048 nec
1568 1021 1610 1047 se
1654 1006 1780 1061 pedes
1820 1006 1902 1046 illis

581 1077 763 1117 Exhibet
802 1076 1004 1116 audacem
1042 1075 1200 1127 minus,
1244 1081 1320 1116 aut
1357 1075 1512 1116 virtute
1555 1072 1784 1121 minorem,

583 1142 720 1194 Quam
759 1142 792 1181 si
832 1146 960 1181 staret
999 1155 1148 1196 eques,
1196 1147 1318 1181 tanta
1356 1141 1524 1182 levitate
1569 1145 1780 1180 catervam

585 1207 981 1247 Circumvallantem
1027 1220 1068 1246 se
1112 1207 1310 1260 proterit,
1359 1208 1610 1262 impetuosas

584 1272 758 1312 Illorum
797 1271 935 1311 rabies
973 1271 1159 1311 animoso
1198 1272 1348 1314 robore
1385 1274 1599 1327 frangens.

587 1335 777 1390 Cumque
816 1336 890 1376 diu
928 1336 1037 1376 solus
1075 1350 1116 1376 se
1159 1336 1409 1379 defendisset
1449 1339 1503 1379 ab
1543 1338 1646 1387 illis,

586 1402 640 1442 Et
683 1415 759 1456 per
801 1402 1025 1441 circuitum
1063 1402 1215 1441 multos
1253 1404 1462 1445 stravisset
1505 1417 1648 1444 eorum
1667 1433 1677 1452 ,

446 1469 557 1509 1550
588 1467 866 1508 Succursurus
911 1468 1029 1507 adest
1066 1468 1128 1507 illi
1168 1467 1400 1509 Gallericus
1443 1468 1587 1518 heros,

587 1532 778 1587 Cumque
817 1532 890 1572 illo
933 1533 1092 1587 pedites
1129 1532 1212 1573 duo
1251 1533 1386 1574 millia
1431 1533 1579 1573 robore
1623 1532 1769 1582 fortes,

585 1598 869 1652 Instructique
912 1599 1059 1649 armis,
1108 1599 1363 1655 dominoque
1401 1614 1476 1655 per
1516 1600 1660 1640 omnia
1701 1599 1799 1649 fidi,

588 1664 701 1715 Quos
744 1679 840 1704 cum
884 1665 1089 1705 militibus
1134 1666 1270 1705 decies
1309 1680 1378 1706 sex
1421 1665 1616 1706 associari

588 1730 652 1769 Ex
692 1730 806 1769 omni
852 1730 930 1769 sibi
974 1736 1098 1783 gente
1138 1744 1213 1770 sua
1250 1737 1468 1772 curaverat
1510 1732 1612 1785 ipse.

591 1793 675 1833 Nec
718 1807 836 1834 mora
873 1794 1088 1834 Barrensis
1129 1795 1175 1835 in
1214 1808 1368 1849 equum
1409 1796 1670 1845 conscendit,
1714 1809 1844 1849 eoquo

590 1859 787 1909 Dimisso,
831 1873 985 1899 cuneus
995 1891 1006 1910 ,
1053 1860 1176 1901 modo
1218 1861 1292 1915 qui
1331 1862 1620 1902 circumdabat
1667 1862 1825 1916 ipsum,

591 1925 798 1976 Laxatur,
840 1932 1119 1982 repetuntque
1162 1927 1305 1982 fugam
1344 1927 1461 1968 haud
1499 1926 1754 1968 indemniter
1798 1939 1953 1966 omnes.

594 1991 699 2031 Nam
740 1993 889 2031 summi
929 1993 1039 2033 inter
1083 2006 1150 2034 eos
1191 1993 1303 2034 Otho
1344 1991 1489 2033 Comes
1522 1997 1651 2046 atque
1684 1991 1869 2039 Pilosus,

595 2055 802 2096 Corradus
841 2057 1096 2112 VVaphaluS,
1146 2058 1386 2099 Guerardus
1429 2056 1785 2106 Randerodensis,

455 2122 567 2162 1560
597 2121 703 2162 Cum
746 2123 886 2162 multis
931 2123 1022 2164 aliis
1064 2125 1136 2178 qui
1177 2123 1397 2165 nobilitate
1442 2123 1672 2178 praeibant,

595 2186 750 2241 Sponte
794 2201 941 2228 manus
986 2189 1031 2228 in
1075 2189 1213 2229 vincla
1257 2189 1438 2238 dabant,
1482 2188 1645 2242 ipsique
1685 2188 1818 2227 teneri

598 2252 842 2307 vincirique
886 2260 1009 2294 orant
1047 2255 1183 2309 potius
1227 2268 1355 2309 quam
1400 2254 1573 2309 perdere
1618 2255 1762 2294 vitam.

597 2318 750 2358 Franci
788 2321 943 2360 etenim
987 2322 1116 2361 tantis
1155 2321 1371 2361 instabant
1408 2320 1592 2361 caedibus
1637 2321 1760 2375 ipsis,

599 2383 720 2434 Quod
763 2385 1004 2440 quicunque
1049 2386 1150 2440 suga
1193 2386 1384 2440 neglecta
1422 2384 1528 2425 forte
1570 2386 1781 2435 resistens,

601 2447 758 2488 Dedere
804 2463 844 2489 se
883 2451 947 2491 vel
990 2466 1066 2506 pro
1108 2452 1194 2492 vita
1239 2452 1443 2506 suplicare
1481 2457 1689 2501 moratur,

604 2511 828 2553 Confestim
866 2529 993 2569 quam
1034 2517 1086 2556 sit
1130 2517 1311 2571 gustatio
1358 2517 1501 2556 mortis
1548 2510 1700 2556 amara*
