2395 3251
448 861 532 900 [170

456 2159 539 2199 ‘190

1285 388 1329 419 54

574 490 590 509 «
611 472 705 511 ‚Iam
739 471 1068 523 quadringentas
1102 467 1181 507 sibi
1216 463 1431 519 sublegere
1465 464 1649 514 carinas,

561 555 577 573 ι)
608 536 689 575 veo
718 540 834 589 patet
867 548 1051 589 egressus
1086 546 1173 587 qua
1210 535 1361 571 caetera
1399 529 1539 569 classis
1574 530 1620 569 in
1653 528 1787 568 altum

560 619 576 637 »
608 601 648 639 Si
679 600 800 648 velit,
839 600 900 639 ire
935 603 1077 653 queat.
1125 597 1192 637 Sic
1236 594 1417 651 porticas
1458 593 1637 648 Anglica
1671 592 1811 633 fauces

560 684 576 702 »
609 665 759 704 Militia
793 664 1007 713 observat,
1044 663 1244 716 littusque
1279 666 1452 702 coronat
1488 666 1741 715 utrumque,

561 750 578 768 »
609 731 690 771 Nec
726 743 870 770 secura
904 734 1049 770 manet
1084 727 1242 781 gremio
1280 726 1440 766 navalis
1472 726 1518 765 in
1555 726 1645 780 ipso

563 814 579 833 »
610 795 831 835 Defensore
867 809 1036 843 carens,
1075 792 1274 847 facilique
1309 797 1458 846 parata
1494 792 1656 846 rapinae

562 879 579 897 »
609 861 692 900 Nec
727 859 973 899 Guillelmus
1007 857 1135 897 habet
1174 858 1314 912 pullus
1357 855 1516 897 ferrata
1550 856 1662 895 tueri

563 944 579 962 »
610 925 730 964 Dolia
765 938 849 979 quo
883 923 1034 978 possit,
1077 937 1174 978 quae
1212 924 1338 978 plena
1375 923 1626 963 numismate
1659 927 1852 975 turgent,

563 1008 580 1025 »
612 989 704 1041 Quo
739 989 843 1028 solet
876 989 963 1043 ipse
996 990 1078 1029 tuis
1114 1002 1336 1029 numerare
1373 988 1581 1042 stipendia
1618 986 1783 1037 castris,

564 1073 580 1091 »
612 1054 767 1093 Pollice
799 1054 1040 1108 dispensans
1075 1054 1233 1094 fiscalia
1268 1053 1378 1093 dona
1416 1053 1544 1094 fideli.

565 1137 581 1156 »
612 1118 722 1158 Dum
759 1133 834 1158 sua
863 1118 1055 1159 Pictones
1088 1119 1220 1173 spolia
1257 1119 1486 1158 auxiliante
1522 1118 1706 1165 Cadoco,

566 1202 582 1221 »
614 1185 718 1235 Quae
753 1184 877 1224 modo
911 1185 1074 1224 Danitis
1113 1191 1367 1239 rapuerunt,
1410 1184 1564 1225 foedere
1600 1184 1734 1224 fracto
1755 1214 1765 1233 ,

567 1269 583 1286 »
615 1251 726 1291 Cura
761 1249 910 1307 majori
944 1256 1018 1290 tua
1053 1249 1182 1305 quam
1219 1255 1260 1289 et
1294 1250 1463 1290 navalia
1497 1255 1688 1299 servant,

567 1334 585 1352 »
616 1316 733 1355 Solus
766 1330 860 1355 cum
897 1317 1040 1370 paucis
1075 1316 1284 1357 Robertus
1319 1316 1558 1356 Pissianites

569 1398 585 1416 »
616 1380 800 1420 Sustinet
834 1382 1023 1420 incursus
1058 1386 1099 1420 et
1132 1381 1243 1420 villae
1279 1381 1462 1421 claustra
1494 1386 1636 1421 tuetur
1655 1413 1665 1430 ,

567 1463 584 1481 »
615 1444 928 1500 Germanosque
963 1447 1087 1486 duces
1131 1445 1329 1485 conflictu
1368 1447 1506 1486 amisit
1539 1447 1584 1486 in
1627 1448 1732 1500 ipso.

569 1529 585 1546 »
616 1510 789 1550 Obsidet
823 1511 983 1551 hostilis
1018 1517 1158 1566 portas
1197 1512 1399 1550 exercitus
1435 1525 1596 1561 omnes,

568 1593 584 1612 »
616 1574 769 1615 Omnia
804 1577 1061 1630 perdidimus
1099 1577 1144 1616 ni
1180 1582 1229 1616 tu
1264 1577 1471 1616 cuncteris
1510 1577 1666 1617 adesse.
1695 1594 1712 1614 »

626 1640 726 1679 Haee
756 1640 853 1679 cum
887 1641 1072 1689 dixisset,
1110 1641 1219 1693 Regi
1254 1642 1442 1694 porrexit
1472 1647 1649 1695 uterque

569 1705 734 1757 Scripta
769 1704 1000 1743 Suessonici
1037 1704 1207 1744 Comitis
1241 1704 1406 1758 signata
1440 1706 1574 1758 sigillo
1594 1737 1604 1754 ,

569 1768 650 1807 Per
684 1782 781 1822 quae
817 1774 1026 1808 constaret
1060 1769 1151 1808 illos
1186 1782 1285 1809 vera
1320 1783 1405 1809 esse
1439 1771 1614 1810 locutos.

629 1833 686 1873 Ut
720 1833 840 1873 dictis
875 1839 935 1873 est
969 1833 1081 1874 facta
1114 1833 1234 1884 fides,
1273 1833 1388 1874 Rex:
1438 1835 1600 1874 «Nulla
1636 1841 1820 1875 moretur

571 1915 587 1934 »
620 1898 698 1937 Nos
733 1912 850 1938 mora
889 1899 1074 1949 consilii,
1114 1899 1237 1939 rebus
1272 1913 1511 1939 succurrere
1546 1900 1670 1955 lapsis

570 1980 587 1999 »
628 1962 911 2013 Festinemus,
949 1964 1032 2013 ait,
1072 1964 1209 2018 operis
1243 1962 1335 2019 jam
1372 1964 1576 2018 quicquid
1610 1965 1791 2005 habetur

571 2044 588 2064 »
619 2027 712 2066 Prae
747 2028 939 2070 manibus
976 2029 1131 2078 valeat,
1170 2043 1256 2068 non
1290 2034 1352 2068 est
1387 2028 1490 2068 mihi
1529 2030 1693 2069 vincere
1724 2031 1832 2070 tanti

571 2110 588 2129 »
619 2091 863 2143 Gandavos,
902 2099 950 2133 ut
984 2108 1059 2148 pro
1094 2094 1306 2134 Gandavis
1341 2098 1463 2132 tanta
1499 2094 1638 2134 subire

571 2176 588 2194 n
618 2158 782 2198 Damna
815 2159 939 2199 velim
959 2190 969 2209 ‚
1008 2160 1137 2199 socios
1173 2173 1269 2201 cum
1304 2159 1431 2199 classe
1466 2161 1657 2200 amittere
1692 2167 1866 2201 nostros.

572 2242 588 2260 »
620 2225 699 2264 Sed
735 2225 836 2279 quia
869 2239 954 2264 non
990 2224 1154 2265 facilem
1189 2224 1350 2279 praebet
1385 2239 1426 2264 se
1460 2225 1682 2276 Flandria,
1721 2240 1795 2280 per
1825 2240 1952 2280 quam

571 2307 588 2325 »
619 2288 800 2343 Agmina
832 2295 954 2331 tanta
986 2296 1145 2344 queant
1178 2295 1401 2344 properato
1438 2290 1630 2330 incedere
1665 2295 1827 2345 gressu,

572 2370 589 2391 »
620 2353 779 2393 Ducere
813 2354 1039 2408 quadrigas
1073 2355 1227 2409 quibus
1262 2360 1322 2394 est
1356 2369 1619 2410 summasque
1654 2370 1816 2396 necesse

574 2433 590 2452 »
622 2416 798 2471 Expedit
837 2425 885 2458 ut
919 2420 1077 2460 levibus
1113 2420 1266 2474 aliquis
1300 2420 1535 2475 praecedere
1571 2421 1720 2460 turmis

574 2499 592 2518 »
623 2481 702 2521 Nos
739 2482 838 2523 velit
857 2513 867 2532 ‚
905 2489 953 2527 ut
987 2485 1107 2530 sociis
1140 2485 1277 2530 medio
1312 2486 1413 2530 dum
1453 2501 1561 2543 pone
1596 2486 1783 2529 venimus
