2395 3251
1273 376 1316 408 26

541 455 769 494 Tantorum
806 452 1006 492 scelerum
1041 465 1082 491 se
1117 451 1356 506 poenituisse
1390 453 1627 505 Johannes,

541 519 679 559 Audet
713 517 959 572 Apostolicis
996 517 1095 558 dare
1134 518 1211 557 sub
1246 518 1412 572 pietatis
1447 520 1606 560 amictu

542 583 681 623 Verba
714 583 835 633 viris,
875 583 948 637 qui
979 588 1076 623 sunt
1110 582 1136 622 a
1165 582 1345 624 Cardine
1377 599 1530 625 nomen
1566 585 1733 641 adepti,

542 650 596 690 Et
630 649 804 689 Patrum
840 649 950 703 patri
985 648 1141 689 blando
1177 649 1382 703 suplicare
1416 657 1590 705 precatu
1605 682 1615 701 ,

428 716 513 757 540
542 715 599 756 Ut
633 715 796 755 veniam
831 720 1000 769 praestet
1035 713 1293 753 errantibus:
1328 731 1346 752 «
1380 715 1544 766 omnia,
1584 716 1793 767 clamans,

431 2018 514 2055 560

536 796 560 820 ¹»
591 781 826 821 Restituam
862 780 1004 830 Clero‚
1043 779 1182 833 Regni
1217 780 1379 833 depono
1414 794 1634 831 coronam,

536 844 561 885 ό)
591 847 816 901 Indignum
852 860 936 900 qua
970 860 1037 886 me
1071 845 1227 896 fateor,
1266 845 1465 884 vassallus
1498 845 1646 885 haberi

542 931 560 950 »
591 913 786 952 Ecclesiae
821 913 913 953 volo
949 912 1178 963 Romanae,
1217 909 1411 952 diadema
1450 910 1613 965 resigno

542 995 560 1015 »
590 977 712 1017 Petre
748 978 825 1017 tibi
861 983 949 1018 toto
984 992 1080 1017 cum
1114 977 1252 1031 Regni
1280 974 1398 1031 jure:
1438 975 1542 1014 mihi
1576 975 1668 1016 Rex

543 1059 560 1079 »
591 1041 751 1082 Amodo
785 1041 932 1083 Petrus
966 1042 1067 1091 erit,
1103 1056 1180 1096 ego
1215 1041 1328 1080 Petri
1363 1040 1480 1079 miles
1510 1039 1712 1079 habebor.
1739 1056 1756 1076 »

599 1105 833 1161 Acceptans
868 1107 993 1147 Pater
1031 1107 1110 1147 ista
1145 1112 1313 1161 patrum
1348 1110 1584 1145 commenta
1615 1104 1821 1145 Johannis

542 1170 727 1222 Gaudet,
762 1177 803 1211 et
832 1172 877 1211 in
906 1178 1044 1226 partes
1078 1171 1378 1225 Pandulphum
1415 1169 1596 1210 destinat
1629 1169 1739 1209 illas.

543 1237 620 1277 Cui
660 1237 755 1277 cum
790 1238 993 1278 firmasset
1026 1252 1102 1293 per
1135 1237 1291 1291 scripta
1324 1235 1514 1289 patentia
1547 1240 1719 1288 pactum
1735 1265 1747 1284 ‚

544 1302 728 1357 Jureque
756 1301 942 1358 jurando
975 1303 1027 1343 de
1060 1302 1192 1357 pactis
1227 1302 1375 1342 stando
1406 1300 1621 1340 ‚Iohannes

543 1367 658 1407 Illius
694 1368 739 1407 in
775 1368 919 1408 dextra
953 1373 1161 1422 sceptrum
1195 1367 1333 1421 regale
1366 1366 1608 1419 resignanS,

542 1432 593 1471 Se
629 1433 756 1487 Papae
786 1446 1047 1486 regnumque
1077 1446 1198 1472 suum
1230 1432 1289 1471 sic
1323 1432 1560 1486 mancipat,
1600 1436 1649 1470 ut
1682 1431 1734 1470 sit

544 1496 754 1536 Vassallus
786 1497 836 1536 de
871 1497 986 1550 Rege
1021 1511 1178 1546 novus,
1217 1497 1267 1536 de
1302 1497 1490 1551 principe
1524 1495 1663 1544 Miles,

543 1561 709 1614 Regnet
742 1567 790 1601 ut
824 1561 911 1616 ipse
944 1566 1088 1601 tamen
1122 1562 1199 1602 sub
1234 1561 1348 1601 Petri
1382 1560 1578 1609 nomine,
1612 1558 1803 1598 marchas

543 1625 719 1678 Argenti
753 1632 924 1679 propter
959 1626 1153 1665 solvendo
1189 1626 1303 1665 mille
1332 1625 1572 1679 quotannis.

542 1690 630 1729 Hoc
666 1690 861 1743 Regnum
891 1688 1123 1744 Anglorum
1156 1690 1367 1731 decoravit
1400 1691 1560 1730 honore
1594 1689 1808 1729 Johannes
1827 1720 1839 1739 ,

543 1756 632 1796 Hoc
667 1755 808 1809 generi
843 1756 1053 1810 praedulce
1088 1770 1162 1796 suo
1197 1756 1321 1796 decus
1355 1755 1540 1803 addidit,
1574 1760 1621 1794 ut
1655 1755 1740 1794 sint

545 1820 734 1860 Reddere
769 1820 982 1861 constricti
1016 1820 1218 1861 Romanis
1248 1822 1328 1861 rite
1356 1820 1563 1860 tributum
1581 1850 1591 1869 ,

542 1885 701 1926 Privati
736 1892 896 1940 sceptro
932 1900 1027 1925 cum
1063 1886 1267 1926 libertatis
1297 1887 1469 1927 honore.

543 1951 656 2005 Ergo
694 1953 905 1992 relaxatur
939 1952 1168 2002 sententia,
1209 1953 1347 1991 cautio
1380 1965 1519 1991 rerum
1539 1982 1550 2000 ,

546 2016 916 2057 Restituendarum
951 2016 1092 2070 fragili
1122 2017 1286 2058 munita
1316 2017 1450 2072 sigillo
1466 2049 1476 2067 ‚

545 2080 649 2131 Quae
684 2080 764 2120 fuit
798 2081 948 2121 effectu
983 2086 1077 2135 post
1113 2081 1194 2120 hoc
1228 2082 1413 2121 caritura
1447 2095 1653 2134 supremo.

545 2146 595 2186 In
626 2146 805 2200 patriam
840 2145 1008 2186 Clerum
1042 2152 1231 2193 revocat,
1270 2147 1373 2186 dant
1409 2147 1574 2186 cantica
1609 2148 1774 2201 signum

547 2210 750 2261 Laetitiae,
789 2211 1055 2265 officiumque
1091 2211 1168 2251 Dei
1202 2217 1426 2251 renovatur
1459 2211 1632 2265 ubique„

604 2274 752 2316 Classis
783 2277 919 2332 prima
955 2277 1072 2331 quies
1107 2276 1241 2318 Galesi
1275 2276 1376 2328 fuit,
1416 2278 1549 2317 altera
1582 2282 1707 2331 portu

546 2340 615 2379 Fit
645 2340 898 2395 Gravelinga
930 2347 1027 2391 tun,
1067 2345 1151 2396 quo
1182 2341 1272 2381 Rex
1308 2342 1499 2397 aciesque
1535 2342 1715 2396 pedestri

547 2403 768 2446 Perrexere
802 2407 894 2457 wia,
932 2407 1001 2447 cui
1037 2407 1144 2449 cives
1178 2408 1318 2448 omnia
1353 2423 1491 2449 secum

547 2469 772 2526 Exponunt
801 2473 931 2525 hona,
966 2488 1062 2528 quae
1098 2475 1211 2516 vicus
1246 2480 1332 2514 tam
1363 2474 1475 2515 dives
1510 2473 1713 2522 habebat,
