2395 3251
1260 371 1303 402 14

529 453 661 496 Caute
700 451 883 506 disponit
900 482 910 501 ,
949 464 999 490 ac
1036 448 1367 505 praecedentibus
1403 449 1490 503 ipse

530 518 660 560 Addit
698 531 739 556 se
774 516 932 556 socium
963 515 1112 555 turmis
1147 528 1243 553 cum
1280 515 1412 554 milite
1447 516 1602 565 multo,

528 583 580 623 In
616 582 752 622 medio
787 595 946 636 ponens
986 579 1111 620 fretos
1146 579 1299 619 virtute
1329 580 1481 620 minori

531 647 637 689 Cum
671 647 867 701 plaustris
902 651 943 685 et
978 645 1117 699 equiS,
1153 645 1334 684 oneratis
1363 645 1486 685 rebus
1519 652 1560 686 et
1598 646 1713 686 escis.

530 712 623 752 Tali
654 712 810 766 quippe
844 711 992 751 volunt
1031 709 1231 762 distingui
1262 715 1399 748 castra
1429 716 1586 751 tenore.

419 781 501 821 170
531 779 759 820 Devastans
795 777 924 831 igitur
956 776 981 815 a
1011 775 1164 814 dextris
1201 779 1329 827 atque
1363 775 1538 815 sinistris

533 843 687 884 Omnia
705 873 715 892 ,
754 849 870 881 trans
904 841 1078 880 Ysaram
1114 838 1352 894 pernicibus
1388 840 1555 880 advolat
1590 841 1681 880 alis.

533 910 616 950 Nec
651 913 781 947 cessat
815 907 990 961 populos
1020 905 1243 960 populari,
1283 904 1433 944 ducere
1468 905 1630 959 praedas
1650 937 1660 955 ‚

533 974 772 1014 Incinerare
807 972 970 1021 domos,
1014 971 1059 1010 in
1099 969 1267 1010 vincula
1306 970 1473 1009 trudere
1510 976 1653 1024 captos
1673 1001 1684 1021 ,

534 1038 894 1094 Sylvanectensem
930 1036 1061 1076 donec
1095 1034 1285 1089 pervenit
1314 1035 1368 1074 ad
1404 1035 1566 1075 urbem.

594 1102 848 1156 Quanquam
879 1115 964 1140 non
995 1100 1133 1155 potuit
1166 1098 1305 1138 subito
1340 1106 1559 1153 penetrare
1590 1101 1666 1140 sub
1697 1101 1783 1140 ictu

535 1166 760 1207 Defensam
790 1166 919 1205 muris
954 1171 995 1204 et
1030 1163 1248 1218 gentihus,
1293 1178 1418 1204 omne
1453 1166 1567 1219 quod
1602 1171 1718 1205 extra

539 1231 678 1271 Muros
711 1232 926 1271 inventum
958 1235 1046 1279 est,
1086 1228 1254 1283 perimit
1273 1259 1283 1278 ,
1328 1231 1442 1284 capit
1460 1262 1470 1280 ,
1504 1232 1734 1281 abstrahit,
1768 1232 1852 1272 urit
1870 1263 1881 1282 ,

539 1297 597 1338 Ut
631 1311 727 1352 pars
761 1310 847 1336 non
886 1301 1055 1335 maneat
1089 1295 1221 1334 illaesa
1261 1294 1445 1334 dioecesis
1481 1297 1582 1335 ulla.

540 1361 888 1402 Domni—Martini
924 1359 1126 1400 Comitem
1162 1359 1223 1398 nil
1254 1359 1338 1399 tale
1368 1360 1585 1400 timentem
1604 1393 1614 1411 ‚

429 1430 510 1470 180
543 1427 670 1483 Cujus
714 1433 804 1466 erat
853 1440 1006 1466 nomen
1056 1425 1201 1465 Comes
1247 1423 1464 1464 Albericus
1483 1457 1494 1476 ,
1544 1426 1598 1465 ab
1644 1427 1731 1480 ipsa
1751 1458 1760 1475 ‚

541 1493 652 1533 Dum
681 1492 861 1546 prandet
879 1522 890 1541 ,
927 1505 1071 1531 mensa
1101 1491 1236 1540 levat,
1280 1504 1330 1530 ac
1360 1491 1420 1530 ita
1453 1497 1604 1541 terret,
1644 1498 1690 1531 ut
1722 1498 1836 1531 arcto

540 1558 706 1599 Postico
740 1557 928 1611 fugiens,
961 1557 1030 1598 vix
1064 1571 1106 1596 se
1135 1556 1378 1596 subduxerit
1411 1557 1488 1596 illi.

542 1623 690 1664 Nobile
730 1621 956 1662 Castellum
994 1621 1118 1661 rebus
1153 1622 1356 1674 spoliatur
1395 1622 1545 1675 opimis
1568 1653 1580 1672 ‚

544 1689 735 1742 Totaque
770 1688 965 1741 planities
984 1716 995 1737 ,
1030 1700 1128 1740 quae
1159 1692 1294 1725 castro
1330 1684 1519 1740 subjacet
1553 1687 1647 1736 illi,

546 1753 653 1792 Tam
688 1752 871 1806 speciosa
905 1751 1051 1801 bonis,
1084 1757 1172 1791 tam
1207 1751 1318 1791 dives
1338 1782 1348 1801 ,
1383 1756 1471 1790 tam
1506 1752 1707 1806 populosa
1729 1783 1740 1802 ,

548 1816 828 1857 Flandrorum
857 1817 982 1856 libitu
1015 1815 1125 1856 ferro
1155 1821 1341 1856 vastatur
1377 1822 1418 1855 et
1448 1816 1551 1870 igni.

561 1881 696 1931 «Nil,
729 1881 813 1931 ait,
853 1887 914 1921 est
943 1886 1086 1921 actum
1103 1912 1115 1931 ,
1149 1880 1230 1920 nisi
1265 1880 1449 1922 Flandro
1485 1883 1617 1922 milite
1652 1888 1792 1936 portas

552 1965 570 1985 »
598 1947 781 1987 Parisius
817 1946 995 2001 frango,
1031 1947 1111 1987 nisi
1141 1961 1268 2001 parvo
1304 1952 1432 2001 ponte
1468 1947 1691 1997 dracones,

552 2029 570 2049 »
601 2010 687 2051 Aut
719 2011 856 2052 medio
891 2012 970 2052 vici
1000 2012 1195 2052 vexillum
1225 2026 1336 2066 pono
1371 2012 1586 2054 Chalauri.
1620 2031 1637 2051 »

442 2144 523 2183 ²190
613 2142 862 2182 Dissuadent
900 2156 1089 2197 proceres
1118 2143 1269 2182 mentis
1298 2149 1501 2197 concepta
1536 2144 1733 2197 malignae
1752 2175 1761 2192 ,

557 2207 721 2262 Quippe
756 2208 907 2248 timent
946 2208 1106 2262 Regem
1141 2208 1215 2262 qui
1248 2207 1340 2263 jam
1373 2209 1624 2264 properabat
1644 2241 1654 2259 ,
1692 2216 1733 2249 et
1767 2210 1862 2264 ipsis

557 2271 794 2312 Affeetabat
828 2273 872 2312 in
907 2272 972 2312 his
1007 2273 1112 2312 vires
1147 2286 1357 2327 opponere
1394 2275 1545 2329 planis.
1689 2285 1693 2288 “

559 2336 669 2389 Ergo
705 2351 758 2376 ne
793 2335 944 2377 Comiti
979 2337 1180 2377 damnosa
1213 2339 1408 2392 superbia
1441 2338 1546 2379 forte

561 2401 646 2440 Ista
680 2401 786 2442 foret
804 2433 815 2452 ,
852 2403 965 2443 lituis
1001 2403 1292 2458 clangentibus
1326 2405 1514 2459 undique
1549 2412 1704 2459 cogunt

563 2464 745 2518 Agmina
784 2481 858 2520 per
905 2469 1084 2522 patriam
1119 2469 1271 2522 passim
1311 2470 1522 2510 currentia
1557 2476 1689 2509 totam
1708 2500 1718 2518 ,
