2395 3251
433 1025 452 1063 1
463 1025 544 1063 0520

431 1674 540 1714 1050

431 2323 539 2364 1040

1280 359 1323 391 70

581 455 600 476 »
624 437 772 491 Pugna
805 436 928 486 velit,
966 436 1104 492 Regni
1140 450 1285 477 euram
1320 441 1362 477 et
1401 436 1647 478 diadematis
1677 451 1786 478 unus

581 520 598 540 »
624 502 810 556 Quisque
846 516 993 556 gerens
1031 508 1199 553 caveat,
1238 503 1453 558 proprium
1489 517 1542 543 ne
1576 502 1728 558 perdat
1759 501 1960 543 honorem

579 585 597 604 »
622 567 774 621 Pugna
807 572 949 607 tamen
986 567 1103 607 cordi
1139 567 1277 607 minus
1311 573 1372 607 est
1406 567 1534 619 mihi,
1573 568 1689 623 quod
1723 567 1926 608 maculari

577 632 705 672 »Ista
739 646 857 672 saera
892 633 978 673 dies
1014 633 1232 687 aspergine
1266 634 1480 687 sanguinis
1515 635 1658 675 odit.»

635 697 806 737 Dixerat
841 703 883 737 et
917 698 1072 737 Franci
1107 697 1194 737 laeti
1229 697 1409 738 elamore
1444 706 1612 754 paratos

578 762 628 802 Se
663 776 853 817 pugnare
889 761 1031 802 ferunt
1064 776 1140 816 pro
1173 762 1310 817 Regni
1345 770 1386 804 et
1420 764 1545 819 Regis
1573 765 1748 805 honore.

574 827 804 868 Consilium
838 834 981 867 tamen
1016 827 1097 867 hoe
1133 828 1248 868 sedet
1282 829 1498 880 omnibus,
1537 844 1668 885 usque
1703 830 1909 870 Bovinum

576 892 634 934 Ut
667 892 1008 947 proficiscantur,
1047 893 1177 933 hostis
1213 893 1246 934 si
1280 893 1387 934 forte
1425 894 1508 934 diei

574 957 751 999 Parcere
787 964 961 998 saeratae
997 959 1120 1010 velit,
1158 965 1200 999 et
1235 959 1401 999 differre
1437 959 1643 1010 duellum,

575 1022 718 1063 Donec
751 1023 824 1063 lux
858 1023 969 1063 bello
1004 1023 1163 1064 licitam
1199 1039 1242 1064 se
1277 1026 1461 1066 crastina
1494 1033 1680 1081 praestet.

574 1087 784 1128 Praeterea
816 1088 930 1128 locus
962 1093 1022 1128 est
1056 1089 1259 1129 munitior
1293 1090 1364 1130 ille
1394 1092 1560 1131 tuendis

574 1153 825 1204 Sareinulis,
865 1153 1074 1208 rebusque
1108 1154 1201 1194 aliis
1237 1168 1335 1208 quae
1369 1161 1506 1196 eastra
1540 1163 1773 1211 sequuntur
1791 1189 1801 1208 ,

573 1218 680 1259 Cum
715 1233 924 1273 nusquam
959 1224 1103 1274 pateat
1137 1233 1163 1259 a
1196 1219 1349 1260 dextris
1385 1226 1512 1274 atque
1549 1223 1724 1262 sinistris

573 1283 793 1324 Continuis
828 1285 971 1339 spatiis
1006 1284 1087 1324 iter
1121 1284 1372 1338 impediente
1406 1287 1559 1340 palude
1578 1318 1589 1337 ‚

571 1348 791 1388 Transitus
807 1379 819 1399 ‚
858 1354 1029 1404 excepto
1064 1349 1163 1389 satis
1198 1356 1336 1400 arcto,
1376 1357 1503 1404 ponte
1537 1352 1695 1393 Bovino

571 1413 664 1465 Quo
700 1414 938 1468 quadrupes
973 1428 1015 1454 se
1050 1414 1133 1455 sive
1167 1415 1284 1469 bipes
1319 1415 1481 1456 evolvat
1516 1417 1571 1457 ad
1606 1417 1805 1458 Austrum
1824 1449 1836 1468 ,

572 1477 634 1518 Ae
668 1484 788 1533 parte
823 1492 872 1518 ex
907 1479 981 1519 illa
1010 1479 1106 1519 latis
1139 1485 1256 1534 patet
1290 1493 1389 1519 area
1425 1482 1582 1536 campis
1601 1514 1612 1532 ‚

569 1542 785 1598 Grataque
819 1543 1014 1598 planities
1049 1544 1200 1584 cereali
1234 1545 1423 1598 gramine
1458 1560 1664 1598 vernans,

570 1607 676 1659 Quae
710 1613 908 1663 protensa
943 1609 1041 1648 satis
1076 1610 1211 1662 spatio
1245 1624 1319 1664 per
1353 1624 1454 1651 rura
1487 1614 1650 1665 patenti

572 1673 858 1727 Sanguineum
894 1687 921 1713 a
956 1673 1136 1728 Zephiro
1154 1705 1167 1724 ,
1206 1674 1406 1715 Cesonem
1440 1678 1579 1730 tangit
1616 1679 1670 1718 ab
1705 1678 1833 1719 Euro.

571 1738 731 1792 Dignus
766 1737 880 1778 eaede
913 1738 1051 1788 loeus,
1090 1744 1133 1778 et
1166 1740 1370 1794 sanguine
1405 1744 1702 1784 commaculari

573 1802 796 1858 Sanguinis
830 1809 872 1843 et
904 1804 1031 1844 coedis
1066 1805 1225 1845 medius
1260 1807 1492 1846 eommunis
1527 1810 1713 1863 utrique.

630 1868 840 1909 Continuo
876 1874 1047 1923 pontem
1083 1870 1174 1911 Rex
1209 1871 1267 1911 sie
1302 1872 1404 1913 facit
1437 1875 1685 1929 amplificari

570 1933 756 1989 Corpora
789 1935 904 1989 quod
937 1935 1000 1975 bis
1035 1950 1104 1976 sex
1138 1937 1367 1978 lateraliter
1402 1939 1463 1978 ire
1497 1954 1573 1994 per
1606 1941 1744 1995 ipsum

570 1998 760 2054 Cumque
794 2001 876 2040 suis
913 2008 1079 2055 possent
1112 2004 1365 2045 tractoribus
1400 2005 1462 2046 ire
1495 2007 1727 2062 quadrigae.

626 2064 853 2104 Ecclesiam
888 2065 1001 2106 Petri
1036 2073 1243 2109 sacratam
1279 2071 1450 2111 nomine
1478 2070 1603 2127 juxta

573 2128 778 2170 Fraxinea
811 2145 882 2170 rex
916 2132 999 2171 sole
1036 2133 1175 2174 calens
1210 2134 1419 2175 residebat
1453 2136 1498 2176 in
1532 2136 1704 2187 umbra,

570 2194 695 2235 Haud
729 2209 755 2236 a
789 2202 916 2250 ponte
950 2198 1120 2251 procul,
1161 2213 1285 2253 quem
1314 2200 1406 2257 jam
1440 2217 1536 2257 pars
1571 2204 1753 2244 maxima
1789 2210 1917 2244 coetus

570 2259 754 2300 Dilatam
788 2275 980 2315 sperans,
1020 2263 1065 2302 in
1099 2264 1283 2306 crastina
1317 2272 1508 2322 tempora
1542 2269 1726 2323 pugnam
1742 2302 1752 2320 ‚

569 2324 833 2377 Transierat,
871 2328 1140 2383 mediumque
1174 2329 1284 2370 diem
1319 2332 1380 2372 sol
1414 2333 1523 2372 altus
1557 2334 1724 2388 agebat.

571 2390 765 2445 Dumque
799 2400 968 2446 pararet
1002 2395 1061 2434 ibi
1097 2395 1259 2436 modice
1293 2396 1509 2452 indulgere
1544 2401 1675 2454 quieti

567 2453 748 2495 Nuneius
783 2470 1007 2498 accurrens
1045 2473 1169 2500 eursu
1204 2460 1378 2503 festinus
1414 2465 1592 2506 anhelo:
