2395 3251
393 798 475 838 200

395 1512 478 1551 210

395 2287 476 2325 220

1245 385 1288 417 16

500 468 802 521 Bestisiumque
838 469 987 519 petunt
1005 495 1017 515 ,
1057 463 1192 503 obiter
1226 463 1498 503 nihilominus
1534 476 1677 503 omnes

504 533 738 574 Praedando
774 531 892 572 villas
911 562 923 581 ‚
965 529 1171 583 solitoque
1203 527 1341 569 furore
1383 528 1621 568 cremando.

562 666 674 705 Dum
709 677 818 703 nova
855 661 1047 702 Bestisios
1079 659 1318 715 perterritat
1347 659 1533 712 undique
1563 671 1702 698 muros

507 729 678 771 Obsidio
699 759 709 779 ,
742 733 922 781 votoque
957 725 1102 766 Comes
1134 725 1312 778 suspirat
1347 723 1487 772 inani,

506 797 709 850 Tempore
752 800 841 833 tam
877 806 1005 846 parvo
1041 797 1128 830 tam
1159 790 1265 829 forte
1300 788 1521 828 retundere
1554 793 1736 828 castrum
1760 818 1771 835 ‚

506 858 814 916 Sylvanectensi
852 857 943 897 Rex
981 856 1151 910 agmina
1185 854 1324 894 fundit
1359 853 1413 892 ab
1449 853 1581 892 urbe:

508 925 574 965 Ad
608 937 738 979 quam
773 936 869 963 cum
909 921 1051 960 multis
1089 934 1212 959 cursu
1251 924 1492 973 properaret
1531 918 1682 958 anhelo
1701 949 1712 968 ‚

507 990 575 1031 Nil
610 989 780 1043 cupiens
815 987 894 1027 nisi
933 985 1046 1040 quod
1079 984 1222 1024 Comes
1253 990 1513 1039 expectaret,
1552 990 1593 1024 et
1626 984 1704 1038 ipsi

508 1053 656 1094 Judice
691 1052 861 1092 fortuna
902 1051 1059 1090 bellum
1103 1050 1361 1089 committere
1398 1051 1536 1090 vellet.

509 1118 566 1160 At
601 1117 746 1159 Comes
783 1115 940 1156 infecta
973 1114 1147 1154 festinus
1183 1114 1237 1153 ab
1278 1114 1491 1154 obsidione
1509 1145 1520 1164 ,

509 1183 696 1224 Pulveris
726 1181 882 1221 indicio
921 1185 1056 1220 certus
1093 1179 1144 1219 de
1176 1178 1292 1232 Rege
1321 1180 1559 1234 propinquo
1576 1210 1587 1229 ‚

511 1247 592 1288 Per
630 1246 803 1300 Quisam
837 1244 1021 1300 fugiens,
1056 1244 1282 1284 comitante
1310 1246 1469 1300 pudore
1486 1277 1498 1296 ,
1538 1245 1718 1286 recessit.

567 1378 747 1433 Jamque
781 1376 966 1430 fatigatis
995 1375 1193 1430 fugiendo
1226 1389 1301 1429 per
1335 1376 1448 1416 invia
1481 1376 1631 1416 turmis

509 1444 616 1485 Cum
650 1444 797 1483 saltem
832 1441 1008 1481 modicae
1042 1441 1149 1480 foret
1182 1440 1400 1494 indulgere
1435 1441 1568 1494 quieti

508 1510 661 1551 Utilius
680 1539 691 1559 ,
725 1508 933 1561 fessosque
968 1506 1071 1546 cibis
1106 1505 1288 1545 refovere
1318 1504 1500 1556 Quirites
1518 1535 1530 1555 ‚

509 1573 729 1614 Chosiacas
769 1573 881 1613 ultor
919 1570 1164 1611 temerarius
1198 1570 1359 1611 obsidet
1398 1584 1529 1610 arces.

509 1640 606 1679 Mox
638 1645 782 1679 tamen
810 1638 909 1677 inde
939 1636 1048 1690 fugit
1083 1636 1309 1675 adventum
1340 1635 1466 1688 Regis
1509 1634 1762 1685 abhorrens,

508 1705 673 1759 Speque
711 1716 787 1744 sua
823 1716 978 1743 vacuus
1022 1700 1227 1740 Flandras
1265 1699 1428 1739 secessit
1467 1698 1512 1738 in
1546 1712 1654 1738 oras.

566 1897 658 1937 Rex
693 1897 806 1937 dolet
842 1900 1030 1950 ereptum
1068 1892 1271 1934 Comitem
1312 1893 1390 1933 sibi
1408 1924 1419 1943 ,
1466 1892 1645 1942 frendit,
1689 1899 1729 1930 et
1766 1893 1838 1930 irae

510 1961 732 2001 Occultare
766 1960 914 2014 nequit
943 1959 1096 1999 fractos
1135 1973 1208 1999 suo
1243 1964 1409 2013 pectore
1444 1964 1595 1999 motus.

509 2025 615 2065 Nam
655 2025 784 2065 rubor
819 2025 865 2064 in
904 2024 1023 2064 vultu
1060 2023 1296 2077 duplicatus
1330 2024 1471 2078 prodit
1509 2023 1653 2078 aperte

509 2089 645 2141 Quam
682 2090 818 2143 gravis
858 2090 1061 2129 illustrem
1100 2087 1232 2128 trahit
1265 2088 1500 2143 indignatio
1540 2094 1740 2129 mentem.

509 2154 699 2206 Qualiter
728 2155 773 2194 in
804 2153 970 2209 Lybicis
1004 2157 1222 2207 spumante
1260 2154 1456 2194 leuncula
1490 2155 1599 2194 rictu

509 2219 692 2260 Saltibus
712 2251 722 2270 ,
764 2233 906 2273 ungue
944 2218 1079 2267 feroit,
1116 2223 1158 2257 et
1196 2217 1389 2258 dentibus
1429 2232 1548 2273 asper
1591 2218 1788 2268 aduncis,

508 2286 643 2326 Fortis
683 2291 726 2326 et
768 2285 1005 2325 horrisonos
1046 2298 1159 2324 anno
1195 2283 1287 2339 jam
1329 2298 1434 2338 pene
1474 2283 1682 2333 secundm

509 2349 586 2389 Cui
630 2351 835 2390 venatoris
889 2350 1097 2392 venabula
1138 2348 1244 2389 forte
1287 2365 1361 2405 per
1405 2364 1540 2390 armos

508 2415 763 2454 Descendere
797 2417 877 2456 levi
913 2416 1160 2471 stringentia
1196 2416 1365 2457 vulnere
1395 2430 1544 2470 corpus
1558 2448 1568 2466 ,

508 2478 624 2521 Colla
659 2479 796 2534 rigens
826 2480 988 2522 hirsuta
1010 2480 1147 2537 jubis,
1182 2481 1350 2522 desaevit
1384 2481 1428 2520 in
1463 2480 1623 2521 hostem
