2395 3251
1301 381 1345 414 50

569 463 826 518 Raudulpho
860 467 1058 518 patrante
1094 460 1232 511 dolos,
1270 459 1496 501 Moritania
1530 458 1650 516 cujus

567 530 748 586 Imperio
782 529 974 578 suberat,
1015 526 1079 567 vir
1112 525 1230 566 fortis
1246 557 1257 576 ,
1293 526 1551 580 consilioque

569 596 741 636 Astutus
776 594 979 645 nimium,
1018 593 1092 648 qui
1128 607 1170 633 se
1204 591 1391 647 fingebat
1424 591 1632 640 amicum,

570 662 703 702 Immo
736 660 961 700 tenebatur
990 659 1086 699 urbi
1121 658 1342 699 fidissimus
1370 671 1479 707 esse,

572 726 764 766 Praesulis
799 731 841 765 et
875 724 1000 778 Regis
1036 723 1161 763 homo
1197 722 1343 777 ligius,
1382 728 1424 763 et
1457 722 1611 763 feodali

569 791 671 832 Jure
705 797 851 831 tenens
885 790 940 829 ab
976 789 1033 829 eis
1065 794 1275 828 terrarum
1311 788 1516 844 quicquid
1548 788 1749 828 habebat.

629 857 710 898 Sed
743 871 797 896 ne
832 855 946 896 fraus
980 855 1063 895 illis
1096 855 1260 895 lucrosa
1296 853 1453 894 diutius
1488 859 1616 903 esset,

570 923 664 964 Rex
698 921 832 962 sancti
867 920 988 962 Pauli
1023 919 1247 970 Comitem,
1287 918 1544 973 fratremque
1579 917 1784 959 Garinum
1797 948 1809 969 ,

570 989 808 1030 Tornacum
842 987 974 1037 misit,
1010 986 1362 1041 pugnatricesque
1394 990 1580 1025 catervas

572 1054 804 1095 Associavit
838 1053 919 1102 eis,
956 1051 1182 1092 fortissima
1217 1064 1392 1106 corpora
1425 1050 1560 1101 bello,

573 1119 728 1172 Qualia
761 1117 980 1172 Sequaniis
1015 1116 1210 1171 producit
1239 1116 1419 1156 Francia
1453 1115 1572 1170 ripiS.

573 1185 656 1237 Qui
693 1184 791 1224 licet
824 1182 969 1222 hostili
1002 1195 1177 1222 numero
1213 1181 1349 1221 minor
1382 1186 1487 1220 esset
1519 1195 1662 1222 eorum

572 1249 624 1288 In
660 1249 789 1304 duplo
823 1261 1018 1298 numero,
1055 1252 1199 1286 tamen
1238 1246 1538 1296 auxiliantibus
1568 1247 1675 1286 urbe

575 1313 745 1355 Civibus
778 1313 1014 1368 expellunt,
1058 1311 1249 1366 Regique
1283 1311 1458 1352 viriliter
1492 1313 1640 1353 urbem

464 1379 550 1420 750
581 1378 846 1428 Restituunt,
886 1383 928 1417 et
961 1391 1014 1417 ne
1043 1375 1304 1430 Raudulpho
1338 1378 1519 1431 proditio
1552 1379 1606 1418 sit

574 1443 786 1498 Impunis,
825 1442 935 1483 vicos
970 1441 1176 1482 invadunt
1214 1439 1326 1496 ejus,
1365 1455 1498 1495 usque

574 1510 625 1550 In
660 1509 842 1549 nihilum
875 1508 1073 1562 redigunt
1106 1521 1182 1562 pro
1218 1512 1350 1547 tantae
1388 1507 1570 1548 motibus
1605 1508 1702 1558 iroe,

575 1574 724 1617 Nobile
758 1589 836 1615 nec
872 1580 1054 1614 castrum
1088 1573 1335 1624 Moritania,
1373 1579 1461 1613 tam
1496 1574 1749 1627 speciosum,

574 1641 682 1681 Tam
716 1640 1041 1695 praemunitum,
1079 1639 1293 1692 murisque
1322 1639 1488 1692 situque
1523 1639 1667 1689 locali,

579 1707 720 1760 Atque
754 1705 878 1754 viris,
917 1705 1023 1744 vires
1058 1709 1106 1743 ut
1140 1703 1296 1743 nullius
1331 1716 1416 1742 esse
1451 1702 1659 1742 timendas

576 1771 745 1810 Diceret
779 1769 870 1824 ipsa
904 1769 983 1808 sibi
994 1799 1004 1818 ,
1044 1768 1154 1810 cavit
1187 1781 1408 1807 commune
1442 1767 1646 1821 periclum

578 1836 784 1876 Funditus
820 1835 846 1876 a
879 1835 1010 1875 fundo
1046 1834 1248 1884 excisum,
1282 1839 1324 1873 et
1358 1834 1453 1872 cum
1488 1832 1609 1886 plebe
1641 1832 1876 1886 sepultum,

579 1903 747 1956 Quique
783 1901 1035 1941 laborabant
1065 1901 1199 1954 ipsam
1237 1898 1458 1939 defendere
1489 1899 1544 1939 ab
1579 1899 1712 1949 intus,

581 1968 736 2008 Omnes
772 1967 796 2008 a
833 1966 1005 2006 Francis
1041 1966 1153 2021 capti
1188 1965 1361 2005 occisivc
1396 1964 1582 2004 fuerunt,

469 2037 552 2075 740
642 2033 763 2073 Nunc
797 2032 983 2081 utinam,
1022 2045 1137 2071 nunc
1166 2031 1325 2071 Phoebe
1358 2031 1458 2070 velis
1493 2029 1770 2085 Helyconidas
1805 2042 1948 2067 omnes

581 2098 792 2152 Inspirare
827 2097 932 2136 mihi
948 2129 957 2146 ‚
996 2096 1158 2151 spirans
1190 2096 1416 2151 spiramine
1449 2109 1587 2145 sacro,

581 2162 795 2217 Quicquid
830 2161 1037 2217 Cyrrhaeis
1071 2162 1178 2202 sacri
1213 2160 1397 2216 spiratur
1432 2162 1487 2201 ab
1522 2163 1674 2212 antris,

581 2229 793 2284 Quicquid
829 2228 1020 2269 Castaliis
1051 2233 1172 2282 potus
1201 2227 1398 2267 hauritur
1438 2227 1492 2267 ab
1523 2228 1685 2277 undis.-

584 2296 620 2336 Ο
655 2308 769 2335 nunc
803 2294 964 2334 Lucani
1001 2299 1098 2334 ruat
1129 2294 1174 2333 in
1209 2307 1297 2342 me,
1337 2294 1420 2334 sive
1454 2293 1636 2334 Maronis

583 2361 785 2415 Spiritus,
824 2367 898 2401 aut
934 2360 1084 2401 saltem
1117 2359 1310 2400 Thebani
1345 2360 1451 2400 vatis
1487 2360 1648 2414 imago,
1717 2355 1721 2358 ’

584 2426 677 2466 Νοῐι
711 2432 757 2465 ut
790 2425 1041 2480 Pythagorae
1075 2439 1183 2465 vano
1219 2425 1513 2480 phantasmate
1548 2425 1694 2475 ludar,

586 2490 668 2542 Qui
701 2490 807 2530 sicut
841 2490 972 2543 garrit
1007 2488 1179 2543 Trojani
1214 2496 1398 2542 tempore
1434 2491 1533 2529 belli

456 730 479 769 *ἱ

487 730 510 768 [θ

515 729 539 767 0
