2395 3251
441 697 550 739 1570

444 1349 555 1390 1580

445 1996 553 2036 1590

1262 421 1326 453 108

581 503 734 552 Sentit,
778 508 820 542 et
859 500 1093 555 ingreditur
1137 498 1251 539 sedes
1295 512 1426 538 novus
1470 497 1620 552 hospes
1667 496 1870 538 Avernas.

637 567 693 608 At
731 567 878 622 procul
914 567 1016 606 hinc
1055 566 1163 606 acies
1207 565 1252 605 in
1292 564 1396 606 laevo
1436 564 1583 619 praelia
1622 577 1753 604 cornu

580 632 728 686 AEquis
772 631 1004 671 miscebant
1042 630 1212 680 animis,
1256 636 1298 670 et
1335 631 1505 685 utrique
1544 630 1637 685 pari
1675 643 1716 669 se

582 697 859 752 Impendebat
899 697 1038 737 adhuc
1081 696 1192 750 parti
1237 695 1408 736 fortuna
1441 695 1604 746 favore,

583 764 829 818 Sanguineis
874 762 1049 803 Bellona
1087 761 1187 801 rotis
1227 767 1427 815 utrosque
1464 775 1683 816 pererrans

580 829 733 869 Tincta
776 842 923 868 cruore
962 841 1130 877 manus,
1180 832 1332 875 vestes,
1383 831 1425 865 et
1462 831 1628 879 pectus,
1671 831 1713 865 et
1757 838 1894 874 arma,

584 893 828 947 Effusosque
863 892 986 932 avida
1027 892 1266 931 sorbescens
1307 890 1428 931 fauce
1465 905 1656 941 cruores,

585 958 718 997 Millia
761 957 876 997 mille
916 971 1037 996 neces
1082 963 1123 996 et
1168 957 1342 997 vulnera
1381 957 1539 1011 spargit
1581 957 1739 1011 ubique

582 1022 746 1077 Speque
790 1022 852 1062 sui
895 1022 1055 1062 incerta
1099 1028 1262 1076 partem
1307 1022 1522 1077 suspendit
1562 1028 1811 1076 utramque,

582 1087 729 1128 Castra
769 1102 892 1142 super
931 1087 1067 1127 dubiis
1111 1087 1288 1128 victoria
1328 1088 1426 1128 dum
1467 1088 1580 1129 volat
1625 1087 1766 1128 armis.

584 1153 664 1193 Sed
704 1158 903 1194 cunctata
942 1153 1062 1194 brevi
1108 1153 1249 1194 divino
1297 1154 1470 1193 numine
1515 1154 1676 1194 vultum

581 1219 718 1259 Mutat
756 1225 797 1259 et
836 1220 880 1258 in
921 1219 1101 1259 Francos
1138 1225 1274 1258 totum
1306 1218 1470 1258 fluxisse
1516 1219 1703 1258 volatum

585 1284 766 1335 Gaudet,
812 1291 853 1324 et
888 1285 1071 1325 adversae
1111 1285 1277 1339 penitus
1316 1298 1430 1338 spem
1469 1284 1614 1323 tollere
1653 1283 1782 1337 parti.

585 1349 693 1390 Nam
734 1350 995 1390 Belvacensis
1030 1356 1078 1390 ut
1118 1350 1221 1390 vidit
1260 1349 1475 1403 episcopus
1521 1347 1648 1402 Angli

585 1413 842 1454 Germanum
888 1415 1016 1467 regis,
1064 1414 1138 1467 qui
1186 1413 1282 1452 cum
1326 1414 1379 1453 sit
1417 1413 1574 1452 viribus
1609 1413 1756 1466 ingens

585 1477 835 1531 Angligenae
874 1478 1000 1531 longo
1041 1478 1243 1517 dederant
1282 1491 1488 1531 agnomen
1529 1478 1583 1517 ab
1622 1490 1739 1526 ense,

583 1543 774 1582 Sternere
817 1542 1061 1593 Drooenses,
1109 1548 1150 1582 et
1190 1542 1462 1582 damnificare
1507 1541 1717 1596 frequenti

584 1607 708 1648 Caede
752 1607 814 1646 sui
854 1606 995 1647 fratris
1035 1607 1164 1657 acies,
1207 1607 1337 1657 dolet,
1385 1613 1515 1661 utque
1559 1607 1731 1647 tenebat

584 1672 755 1712 Clavam
793 1671 899 1710 forte
943 1686 1092 1720 manU,
1137 1672 1195 1710 sic
1240 1672 1361 1712 illum
1406 1672 1664 1712 dissimulato

584 1736 768 1775 Praesule
813 1736 1015 1790 percussit
1059 1736 1104 1775 in
1139 1749 1300 1775 summo
1340 1737 1494 1777 vertice
1527 1736 1664 1776 fracta

584 1800 771 1851 Casside,
820 1802 934 1855 quod
977 1801 1107 1841 sterni
1150 1802 1298 1841 tellure
1337 1801 1450 1854 cogit
1489 1801 1690 1850 eundem,

586 1866 779 1921 Corporis
815 1872 857 1906 et
901 1867 1016 1921 longi
1056 1867 1222 1920 signare
1265 1872 1477 1906 caractere
1521 1872 1704 1907 terram:

583 1930 638 1970 Et
677 1932 796 1985 quasi
842 1931 968 1971 celari
1012 1931 1113 1972 facti
1152 1937 1241 1970 tam
1279 1931 1431 1971 nobilis
1475 1937 1621 1971 auctor

584 1995 736 2046 Possit,
780 2010 882 2038 neve
921 2002 1049 2051 queat
1087 1996 1246 2036 Praesul
1289 2010 1432 2050 gerere
1475 2010 1594 2036 arma
1637 1998 1775 2036 notari

584 2062 853 2102 Dissimulare
891 2063 1028 2103 studet
1065 2068 1273 2116 quantum
1313 2062 1430 2111 licet,
1474 2067 1602 2115 atque
1640 2061 1829 2102 Johanni

583 2128 716 2167 Servit
755 2128 893 2168 adhuc
938 2135 1106 2183 patrum
1146 2128 1213 2167 cui
1246 2126 1343 2183 jure
1382 2127 1545 2180 Nigella
1584 2141 1775 2176 suorum,

585 2193 708 2233 Hune
748 2194 904 2234 vincire
943 2193 1089 2249 jubet,
1139 2199 1182 2233 et
1223 2206 1386 2232 sumere
1425 2192 1601 2246 praemia
1642 2192 1759 2233 facti.

586 2258 654 2297 Sic
691 2259 912 2312 plerosque
953 2259 1055 2298 alios
1101 2258 1219 2299 clava
1259 2256 1472 2297 sternebat
1510 2257 1662 2297 eadem

586 2322 788 2363 Militibus
827 2338 951 2378 super
989 2324 1069 2364 hoc
1107 2323 1277 2363 titulum
1316 2322 1586 2376 palmamque
1624 2323 1859 2377 resignans,

589 2386 867 2427 Accusaretur
911 2402 1080 2443 operam
1125 2402 1178 2428 ne
1223 2387 1330 2427 forte
1374 2387 1564 2427 sacerdos

591 2450 768 2492 Gessisse
808 2453 1021 2504 illicitam,
1069 2454 1136 2494 cui
1176 2466 1395 2508 nunquam
1433 2452 1587 2493 talibus
1631 2453 1742 2494 inter

587 2515 684 2556 Esse
728 2517 844 2568 licet,
887 2533 939 2558 ne
981 2520 1094 2560 caede
1138 2532 1287 2559 manus
1326 2519 1550 2573 oculosque
1588 2511 1839 2574 prophanet.
