2395 3251
401 1430 485 1469 290

402 2078 485 2117 500

1242 375 1286 406 22

517 453 745 494 Florebant
784 453 964 507 geminae
1001 452 1046 492 in
1083 451 1248 506 patria,
1286 466 1377 507 spes
1412 459 1534 507 grata
1573 459 1800 509 nepotum:

518 519 630 571 Quas
665 520 844 560 enutriri
873 518 1016 559 tenere
1051 517 1233 558 faciebat
1250 549 1261 569 ‚
1303 524 1352 558 ut
1382 518 1457 558 alti

517 584 741 639 Sanguinis
780 584 998 635 haeredes,
1037 583 1165 637 Regis
1203 583 1338 623 tutela
1375 582 1586 639 Philippi,

517 649 600 702 Qui
635 651 957 706 primogenitam
979 681 991 701 ,
1030 655 1255 704 postquam
1289 648 1340 688 de
1380 649 1511 703 patris
1545 663 1692 690 earum

517 714 713 756 Constitit
747 715 947 766 interitu,
994 714 1114 754 totali
1155 727 1251 753 cum
1286 714 1488 754 comitatu

517 779 732 820 Ferrando
767 794 939 820 uxorem
979 778 1150 819 donavit
1187 792 1359 817 munere
1399 779 1535 834 large,

514 844 617 900 Ejus
656 846 710 886 ad
745 846 827 885 hoc
861 845 1002 885 amitae
1034 844 1308 899 suplicamine
1343 843 1491 884 ductus
1522 850 1564 884 et
1602 851 1719 896 astu,

516 909 692 963 Ignarus
725 909 836 949 facto
876 923 973 963 quae
1007 909 1083 949 tali
1120 910 1276 949 damna
1314 916 1560 963 sequantur.

571 975 800 1029 Postquam
835 975 1074 1015 Ferrandus
1103 974 1306 1016 Comitem
1347 988 1388 1013 se
1423 975 1549 1025 vidit,
1587 981 1628 1015 et
1662 976 1794 1015 altum

513 1039 576 1079 Ex
609 1040 781 1090 humili,
822 1054 1023 1094 magnum
1060 1040 1110 1079 de
1149 1054 1304 1094 parvo,
1339 1045 1380 1079 et
1411 1054 1597 1094 paupere
1633 1041 1777 1091 ditem,

515 1104 750 1145 detrectare
777 1103 930 1160 jugum
965 1105 1091 1159 coepit
1124 1106 1286 1159 regale,
1329 1106 1584 1160 modumque

515 1168 744 1220 Quaerebat
778 1169 869 1209 fieri
900 1183 984 1223 quo
1019 1175 1156 1224 posset
1200 1170 1306 1209 liber
1346 1170 1400 1210 ab
1431 1171 1519 1210 illo.

514 1233 637 1274 Unde
671 1249 750 1274 nec
780 1235 949 1274 erubuit
983 1234 1109 1288 Regis
1139 1240 1406 1275 contemnere
1436 1237 1611 1277 verbum
1630 1269 1642 1288 ,

515 1297 571 1338 Et
605 1299 774 1339 domino
810 1304 1017 1339 contraire
1052 1313 1148 1349 suo,
1191 1313 1268 1339 nec
1301 1300 1440 1340 adesse
1475 1308 1665 1352 vocatus,

515 1361 713 1414 Quamvis
749 1370 895 1419 pactus
930 1370 1020 1403 erat
1053 1363 1161 1417 Regi
1195 1364 1477 1419 Paribusque,
1517 1367 1630 1420 qued
1666 1381 1790 1422 aequa

516 1429 655 1470 Mente
690 1430 797 1470 ferat
834 1430 1037 1484 quicquid
1075 1444 1197 1483 super
1230 1430 1295 1469 his
1329 1429 1420 1470 Rex
1456 1431 1632 1485 imperet
1668 1432 1755 1482 illi,

515 1494 638 1534 Stans
669 1496 794 1535 verbo
830 1495 968 1549 potius
1004 1509 1087 1548 quo
1118 1508 1159 1533 se
1194 1495 1496 1534 constrinxerat
1530 1495 1700 1549 Anglis,

512 1558 570 1599 Ut
606 1559 701 1599 cum
735 1559 948 1599 transierit
983 1559 1242 1599 Francorum
1277 1560 1478 1599 exercitus
1520 1561 1678 1612 omnis,

512 1622 805 1663 Debellaturus
841 1622 998 1676 Anglos
1033 1624 1277 1677 Regemque
1316 1626 1568 1679 superbum,

514 1686 709 1726 Desolata
744 1687 826 1726 suis
859 1687 1013 1726 temere
1048 1701 1143 1725 cum
1178 1687 1294 1741 Rege
1329 1689 1522 1729 Patronis

515 1748 701 1790 Arbitrio
737 1757 880 1805 pateat
916 1751 1043 1804 ipsius
1076 1751 1257 1792 Francia
1292 1760 1404 1805 tota,

515 1815 692 1870 Ipseque
727 1830 823 1855 cum
856 1816 1050 1856 Flandris
1084 1816 1222 1870 Regni
1257 1821 1539 1873 pulcherrima
1574 1828 1726 1872 vastet,

515 1879 681 1934 Proque
715 1895 788 1920 suo
818 1881 942 1920 libitu
977 1882 1028 1921 de
1063 1881 1211 1935 Regno
1247 1890 1289 1924 et
1322 1885 1438 1940 Rege
1473 1888 1717 1942 triumphet.

515 1945 599 1985 Ista
633 1948 778 2001 procul
814 1947 941 1987 dubio
976 1948 1212 1988 Ferrandus
1249 1957 1388 1990 mente
1424 1951 1610 2003 fovebat,

515 2011 616 2051 Haec
651 2027 692 2051 se
728 2012 937 2052 facturum
966 2012 1183 2068 juraverat
1218 2015 1305 2068 ipsc
1341 2017 1543 2058 Johanni.

574 2077 776 2118 Insidiosa
810 2077 918 2118 foret
952 2078 1066 2118 fraus
1101 2079 1214 2119 utilis
1249 2080 1469 2132 insidioso,

517 2142 599 2196 Ipsi
638 2143 671 2182 si
708 2143 783 2183 soli
817 2157 1024 2197 praenosse
1059 2144 1229 2184 daretur
1262 2146 1437 2185 eandem
1453 2177 1464 2197 ‚

514 2208 595 2247 Sed
626 2209 734 2249 nihil
768 2209 979 2249 occultum
1014 2210 1128 2264 quod
1162 2225 1248 2250 non
1284 2211 1538 2266 quandoque
1574 2220 1782 2267 patescat,

517 2273 583 2313 Nil
619 2274 680 2313 ita
714 2279 919 2314 secretum
955 2275 1068 2329 quod
1104 2290 1189 2315 non
1228 2282 1302 2316 aut
1338 2275 1451 2316 fama
1486 2279 1683 2328 revelet,·

518 2338 604 2378 Aut
636 2340 797 2394 sapiens
832 2341 924 2381 vivo
959 2341 1215 2395 deprendere
1250 2341 1403 2381 calleat
1436 2348 1550 2392 astu,

517 2402 622 2441 Tam
658 2405 779 2443 certis
814 2405 940 2458 signis
976 2420 1105 2459 quam
1145 2405 1270 2446 famae
1305 2422 1519 2448 murmure
1555 2409 1686 2459 fiunt,

520 2464 624 2517 Quae
657 2466 842 2509 facturus
878 2476 968 2509 erat
1003 2470 1238 2511 Ferrandus
1274 2478 1374 2512 nota
1409 2473 1605 2528 Philippo
