2395 3251
1265 382 1307 414 60

541 488 559 507 »
585 468 666 520 Qui
696 466 850 506 frustra
884 463 1030 505 vivunt
1044 492 1056 512 ,
1093 475 1274 516 quorum
1309 458 1429 499 labor
1463 457 1595 498 omnis
1630 456 1676 497 in
1709 455 1791 497 hoc
1820 461 1882 496 est

541 552 559 572 »
584 533 641 574 Ut
673 530 866 580 Baccho,
901 528 1140 582 Venerique
1175 531 1350 574 vacent,
1389 524 1542 578 quibus
1576 521 1700 562 infiat
1733 521 1865 561 obesis

538 615 557 635 »
583 595 767 651 Crapula
799 594 909 634 colla
940 593 1096 643 thoris,
1136 597 1367 645 oneratque
1401 589 1625 630 abdomine
1659 592 1838 628 ventres.

541 662 708 704 »Unde
741 675 816 714 ego
852 658 1165 713 quamprimum
1201 657 1405 710 praedicta
1438 656 1483 696 in
1518 656 1611 709 lege
1645 652 1813 694 rebellis

542 747 560 768 »
585 730 705 783 Papa
735 726 817 766 fuit
850 725 970 765 nobis
1005 721 1408 772 Montemflasconis,
1446 719 1699 774 Aquamque

542 812 560 833 »
584 793 841 834 Pendentem
859 821 870 841 ,
909 788 1063 838 Bitral,
1102 785 1396 835 Radicofonis,
1434 784 1581 825 Ardua
1609 784 1743 824 sancti

429 861 514 902 860
546 877 564 897 »
591 857 779 910 Quiriaci
810 860 1018 903 castrum,
1057 851 1295 892 Bisturbiea
1333 850 1511 899 moenia,
1550 849 1745 898 Biceum,

546 941 565 962 »
591 923 798 976 Vieosque
831 920 1093 968 innumeros,
1133 916 1390 970 castellaque
1425 914 1627 969 plurima,
1667 913 1780 954 dives

544 988 724 1029 »Roma
757 984 911 1040 quibus
945 981 1310 1030 circumvallatur,
1349 979 1540 1034 protinus
1575 979 1654 1034 ipsi

544 1070 562 1091 »
587 1051 753 1092 Fortior
787 1048 944 1103 eripui,
982 1047 1200 1100 multoque
1234 1045 1444 1100 potentior
1479 1045 1624 1094 armis,

547 1115 789 1168 »Quamvis
825 1113 1048 1168 imperium
1083 1111 1187 1151 mihi
1222 1111 1492 1164 supplantare
1527 1109 1691 1149 laboret

550 1199 568 1220 »
594 1181 854 1222 Praesumens
889 1183 1079 1219 nostrum
1112 1176 1354 1231 promittere
1378 1174 1450 1231 jus
1483 1174 1721 1215 Frederieo.

606 1331 624 1351 »
651 1312 732 1353 Sed
766 1324 884 1351 mora
917 1307 1079 1349 consilii
1114 1320 1201 1346 non
1236 1312 1298 1346 est
1332 1296 1456 1346 modo
1489 1306 1623 1346 libera
1661 1305 1796 1346 nobis,

547 1395 566 1416 »
590 1377 698 1417 Ecce
732 1376 994 1417 Bovinarum-
1024 1377 1195 1426 pontem
1229 1377 1323 1424 post
1356 1377 1476 1425 terga
1510 1371 1682 1425 reliquit

553 1460 570 1480 »
601 1443 911 1496 Francigenum
946 1439 1120 1488 ductor,
1156 1436 1282 1476 hodie
1316 1451 1392 1477 sua
1425 1442 1563 1476 eastra
1597 1437 1674 1476 sub
1709 1436 1813 1476 urhe

547 1526 564 1545 »
589 1508 780 1548 Tornaco
816 1506 937 1560 figet,
973 1503 1116 1544 Scaldi
1151 1502 1281 1558 prope
1316 1501 1501 1542 fluminis
1537 1502 1687 1542 undas,

432 1573 518 1615 870
549 1590 566 1611 »
592 1572 646 1612 Et
678 1573 777 1612 lieet
811 1571 980 1611 illorum
1014 1582 1214 1608 numerus
1249 1567 1323 1622 qui
1360 1559 1525 1623 bajulat
1559 1581 1678 1607 arma

548 1655 566 1675 »
592 1636 755 1676 Militiae
788 1636 857 1675 vix
892 1647 978 1673 esse
1012 1638 1141 1686 queat
1173 1646 1270 1686 pars
1304 1632 1431 1671 tertia
1465 1637 1640 1680 nostrae,

549 1719 566 1739 »
590 1701 699 1740 Ecce
734 1700 790 1739 ad
823 1711 898 1737 nos
934 1696 1110 1736 veniunt
1141 1702 1190 1735 ut
1224 1696 1344 1736 nobis
1378 1697 1730 1750 congrediantur,

548 1782 567 1803 »
592 1765 700 1804 Ecce
734 1776 812 1803 nec
846 1765 1069 1815 expectant
1102 1765 1151 1799 ut
1190 1773 1265 1800 nos
1299 1761 1499 1801 vadamus
1535 1761 1589 1801 ad
1623 1761 1738 1811 illos;

548 1847 566 1868 »
592 1829 776 1869 Tantum
811 1826 941 1867 habet
975 1825 1046 1865 ille
1081 1825 1235 1876 animi,
1269 1831 1391 1866 tanta
1424 1831 1485 1865 est
1520 1825 1791 1880 praesumptio
1825 1825 1978 1865 Franci

547 1912 565 1932 »
590 1893 757 1943 Militis,
795 1897 844 1932 ut
877 1890 1042 1931 nullum
1078 1890 1243 1930 dubitet
1276 1896 1441 1930 tentare
1475 1890 1694 1945 periclum.

546 1958 713 2011 »Quod
748 1957 916 2006 dicunt,
959 1955 1074 2009 quod
1107 1961 1243 2008 agunt
1280 1957 1556 2011 exploratoris
1593 1957 1647 1997 ab
1685 1972 1756 1997 ore

547 2042 565 2062 »
591 2023 774 2064 Veridici
807 2027 944 2062 totum
978 2035 1073 2060 mox
1112 2026 1267 2061 nostrae
1302 2022 1542 2063 infunditur
1577 2023 1692 2072 auri,

548 2107 565 2127 »
590 2089 794 2143 Ignorant
827 2093 877 2128 ut
908 2085 1031 2126 credo
1070 2091 1175 2140 quot
1209 2087 1381 2141 agmina
1414 2093 1557 2126 nostra
1593 2092 1823 2141 sequantur

548 2174 565 2194 »
592 2154 811 2209 Signiferi,
846 2158 1000 2193 nostrae
1035 2165 1164 2206 quam
1199 2151 1326 2192 fortia
1360 2166 1535 2206 corpora
1571 2152 1727 2207 gentis,

433 2222 517 2263 880
549 2239 566 2259 »
592 2221 674 2274 Qui
710 2219 889 2260 Comites
923 2217 997 2272 qui
1031 2222 1144 2257 totve
1179 2216 1328 2268 duces,
1367 2219 1442 2273 qui
1477 2218 1834 2273 Theutonicorum

549 2305 567 2324 »
593 2288 654 2327 Sit
689 2286 805 2326 furor
838 2285 884 2325 in
919 2283 1050 2333 bello,
1089 2297 1173 2337 quo
1207 2284 1377 2323 turbine
1411 2289 1606 2338 torqueat
1642 2298 1806 2334 ensem,

495 2379 502 2385 .
550 2351 778 2405 »Corpora
816 2363 946 2404 quam
981 2348 1117 2403 rigido
1151 2347 1308 2389 ferrata
1341 2350 1548 2405 biperciat
1583 2350 1687 2390 ictu.

551 2415 672 2455 »Sed
705 2415 897 2465 veniant,
935 2420 983 2454 ut
1017 2428 1084 2454 eos
1118 2414 1211 2454 haee
1247 2415 1388 2455 omnia
1422 2429 1466 2456 re
1500 2415 1742 2466 doceamus,

552 2499 569 2518 »
594 2481 751 2521 Parisio
786 2495 863 2520 nec
898 2481 947 2519 sit
984 2480 1119 2533 pudor
1154 2494 1179 2519 a
1213 2480 1374 2520 Saxone
1409 2480 1601 2521 doceri.»
