2395 3251
1265 372 1309 404 84

425 458 538 500 1210
568 457 690 511 Quod
723 455 791 496 via
825 454 873 494 fit
906 452 1059 493 Franci
1091 451 1254 506 gladio,
1293 450 1367 505 qui
1401 449 1502 489 dum
1537 453 1662 488 necat
1693 448 1840 487 illum:

576 522 672 564 «Ut
700 527 775 562 tua
804 533 918 560 nunc
949 518 1096 559 saltem
1129 516 1294 559 Eustati
1328 515 1599 571 praesumptio
1635 519 1766 554 cesset
1782 545 1794 564 ‚

564 605 582 625 »
613 586 788 627 Mortem
823 598 952 639 quam
986 582 1158 623 Francis
1194 582 1396 621 inclamas
1426 580 1569 635 accipe
1607 580 1734 629 dixit,

564 669 583 690 »
612 652 672 692 Te
709 649 878 706 perimit
919 647 1091 688 Francis
1130 646 1235 686 serio
1281 646 1381 686 dum
1420 645 1508 685 fata
1551 645 1740 685 minaris.

564 735 583 755 »
612 715 746 772 Hujus
790 726 916 753 causa
960 712 1074 752 necis
1120 711 1199 751 tibi
1239 711 1327 751 sola
1367 711 1563 765 superbia
1601 711 1760 766 linguae
1804 715 1888 759 est,

567 801 586 821 »
615 783 701 823 Nec
745 786 786 820 te
830 778 984 819 servari
1004 777 1104 817 sinit
1149 777 1203 816 ad
1243 777 1493 818 commercia
1535 777 1675 818 vivum

567 866 586 886 »
614 847 671 889 Ut
710 845 862 886 multos
913 843 1015 884 alios
1055 842 1130 897 qui
1169 847 1211 883 te
1250 841 1453 883 moriente
1497 841 1700 897 ligantur.

625 1051 703 1093 Ast
742 1051 827 1093 alia
868 1050 963 1092 Dux
999 1054 1120 1104 parte
1163 1047 1306 1088 furens
1345 1043 1657 1100 Burgundicus,
1703 1044 1814 1083 inter

567 1118 746 1159 Hostiles
785 1130 937 1157 cuneos
977 1114 1077 1168 agili
1113 1114 1385 1154 circumrotat
1429 1125 1570 1152 ensem

569 1184 620 1224 In
663 1184 890 1234 Flandros,
933 1181 1205 1235 Honorasque
1238 1192 1390 1229 manu,
1432 1177 1504 1217 sed
1543 1176 1644 1217 dum
1679 1175 1803 1216 nimis
1839 1174 1977 1216 audax

429 1248 540 1290 1220
571 1248 772 1289 Fortunae
815 1259 1006 1296 securuS,
1056 1250 1097 1284 et
1136 1244 1213 1284 hos
1256 1242 1484 1297 prosternit
1527 1247 1569 1281 et
1608 1241 1726 1291 illos,

570 1312 819 1366 Oblitusque
864 1310 928 1350 sui
973 1309 1152 1349 nimium
1190 1307 1428 1362 prorumpit
1469 1306 1516 1346 in
1558 1305 1720 1355 hostes,

571 1377 752 1418 Admitti
793 1374 954 1429 gladios
997 1373 1132 1412 doluit
1174 1372 1350 1412 vectoris
1388 1371 1434 1410 in
1479 1371 1618 1411 alvum
1637 1402 1648 1421 ,

572 1442 655 1494 Qui
699 1441 807 1490 ruit,
855 1444 984 1492 atque
1025 1436 1174 1476 ducem
1219 1449 1358 1475 secum
1397 1435 1443 1475 in
1482 1435 1633 1475 tellure
1676 1435 1854 1476 volutat.

572 1505 673 1556 Cui,
716 1505 817 1545 dum
857 1501 1082 1556 multiplici
1118 1501 1228 1540 latus
1272 1501 1462 1555 undique
1501 1500 1673 1541 malleat
1711 1499 1800 1539 ictu

570 1569 741 1611 Hostilis
780 1567 955 1617 rabiess
994 1571 1138 1606 assunt
1177 1565 1404 1620 perniciter
1444 1566 1524 1606 alae

574 1635 871 1687 Allobrogum,
914 1631 1168 1684 dominoque
1211 1630 1354 1670 ferunt
1396 1631 1443 1669 in
1486 1635 1674 1684 tempore
1718 1635 1884 1684 gratum

575 1698 830 1739 Subsidium.
872 1695 975 1734 Pars
1019 1708 1145 1733 carne
1189 1695 1313 1734 nimis
1357 1694 1551 1748 ferroque
1591 1699 1829 1735 morantem

575 1764 754 1817 Surgere
798 1760 1044 1809 sustollunt,
1088 1759 1191 1799 Pars
1234 1765 1397 1815 pugnat
1440 1765 1483 1800 et
1520 1765 1684 1801 amovet
1726 1759 1912 1810 hostem,

576 1828 658 1879 Qui
699 1825 823 1867 nimis
868 1824 1074 1864 instanter
1111 1823 1233 1864 illum
1272 1825 1453 1866 retinere
1495 1825 1675 1865 laborat.

437 1895 549 1936 1250
580 1893 684 1934 Pars
724 1892 854 1932 alium
899 1903 983 1944 quo
1028 1889 1203 1929 scandat
1246 1904 1402 1944 equum
1440 1889 1666 1945 perniciter
1711 1895 1854 1944 aptat,

575 1959 631 2000 Et
662 1956 754 2014 jam
798 1955 934 1997 faetus
973 1968 1099 2009 eques
1145 1954 1333 2009 requiem
1372 1960 1543 2011 captare
1571 1959 1771 2008 rogatur,

574 2024 717 2064 Donec
756 2035 798 2062 se
837 2020 1049 2061 modicum
1087 2025 1271 2071 recreet,
1315 2018 1550 2074 flatumque
1592 2024 1791 2060 resumat.

575 2089 729 2139 Immo,
773 2087 857 2138 ait,
900 2085 1040 2127 amissi
1078 2085 1179 2126 dum
1218 2100 1285 2126 me
1322 2085 1499 2125 vectoris
1542 2085 1588 2124 in
1632 2084 1793 2124 hostem

574 2153 830 2207 Decorisque
873 2152 956 2192 mei
995 2165 1223 2192 memorem
1262 2150 1376 2191 calor
1419 2150 1574 2190 excitat
1619 2150 1718 2200 irae,

573 2218 776 2259 Dedecori
815 2217 940 2258 decus
980 2221 1041 2256 est
1084 2216 1315 2257 vindictam
1360 2215 1533 2256 reddere
1575 2220 1732 2270 nostro.

575 2283 690 2323 Dixit
729 2288 771 2322 et
814 2282 861 2322 in
905 2281 1062 2322 medios
1101 2282 1215 2323 velut
1259 2296 1402 2323 amens
1442 2295 1484 2322 se
1517 2280 1626 2338 jacit
1665 2281 1821 2321 hostes.

575 2348 660 2389 Nec
697 2348 836 2388 minus
874 2347 1075 2388 audacter
1114 2347 1346 2389 Flandrum
1383 2348 1470 2388 ruit
1500 2361 1651 2402 agmen
1689 2347 1736 2387 in
1772 2345 1918 2396 illum,

578 2412 819 2452 Densantur
857 2413 980 2453 cunei
1027 2412 1324 2469 Allobrogum,
1367 2414 1612 2469 dominique
1651 2413 1786 2455 ruinae

576 2475 847 2529 Vectorisque
886 2477 949 2517 sui
992 2476 1080 2518 fieri
1120 2478 1211 2519 vult
1255 2479 1434 2534 quilibet
1473 2480 1610 2530 ultor,
