2395 3251
1251 408 1316 438 114

561 490 653 540 Quo
696 500 738 526 se
776 485 997 525 Bolonides
1037 483 1167 524 sterili
1213 484 1442 525 vallaverat
1485 489 1596 534 arte,

559 553 669 593 Dum
702 556 826 605 putat
855 551 901 590 in
935 563 1092 591 vanum
1126 549 1299 590 Francis
1333 549 1509 589 illudere
1540 548 1673 597 solus,

556 619 648 673 Ipse
684 617 837 672 quibus
877 630 1068 671 pugnare
1103 615 1195 655 aliis
1230 615 1488 669 fugientibus
1529 613 1684 661 audet,

556 683 641 724 Nec
675 683 805 723 vitam
839 682 991 722 debere
1023 681 1135 735 fugae
1170 681 1370 734 dignatur
1400 679 1540 719 inerti.

560 748 629 788 Nil
663 748 832 787 miseros
868 748 994 800 longa
1022 760 1143 786 arma
1170 744 1342 801 juvant,
1382 745 1443 784 nil
1480 744 1589 798 daga
1619 741 1837 797 bipennis,

559 813 627 853 Nil
663 812 808 853 Comes
837 813 925 866 ipse
955 825 1075 851 suum
1110 810 1314 864 nequiens
1348 810 1570 851 defendere
1604 809 1776 850 vallum.

615 879 683 918 Nil
717 879 882 932 privare
916 882 1052 932 potest
1085 877 1283 917 virtutem
1317 875 1402 915 fine
1438 875 1609 930 cupito,

558 944 654 983 Sola
689 949 751 983 est
784 956 881 998 quae
915 948 1086 997 superat
1120 942 1304 981 finaliter
1332 941 1475 981 omnia
1508 940 1640 980 virtus
1658 968 1670 988 ,

558 1010 635 1051 Cui
671 1010 730 1050 vis
758 1010 879 1050 nulla
911 1009 977 1050 vel
1008 1022 1074 1049 ars
1109 1008 1288 1049 roburve
1318 1007 1363 1046 in
1398 1006 1483 1046 fine
1517 1003 1695 1052 resistit,

420 1075 529 1117 1690
560 1074 712 1116 Omnia
749 1075 1009 1129 suppeditat,
1052 1073 1330 1128 supereminet
1368 1072 1562 1112 omnibus
1606 1083 1705 1110 una.

559 1139 661 1180 Haec
704 1140 876 1180 Francis
921 1153 1083 1194 semper
1122 1153 1258 1179 comes
1303 1152 1389 1178 esse
1436 1136 1664 1178 domestica
1711 1133 1889 1187 gaudet,

560 1205 661 1246 Haee
700 1205 881 1245 Francos
926 1205 972 1244 in
1017 1204 1100 1243 fine
1138 1203 1240 1244 facit
1281 1204 1462 1258 gaudere
1505 1200 1736 1255 triumpho.

560 1269 715 1310 Omnes
752 1270 1020 1320 interimunt,
1064 1283 1205 1308 omnes
1249 1269 1295 1308 in
1337 1269 1517 1309 Tartara
1554 1267 1756 1315 mittunt,

564 1335 896 1389 Bolonidemque
941 1348 1014 1373 suo
1060 1333 1301 1373 discludunt
1345 1347 1512 1389 prorsus
1553 1332 1672 1372 asilo.

561 1400 638 1440 Ille
669 1405 809 1439 autem
853 1404 901 1438 ut
939 1404 1047 1438 totos
1091 1397 1348 1451 fugientibus
1393 1398 1582 1451 undique
1628 1409 1797 1449 campos

562 1464 738 1505 Fervere
777 1463 991 1517 conspexit
1029 1467 1070 1502 et
1114 1462 1182 1502 vix
1221 1476 1432 1516 superesse
1472 1462 1615 1502 decem
1659 1467 1724 1499 ter

561 1529 623 1568 Ex
670 1529 860 1583 equitum
904 1527 1179 1582 peditumque
1225 1528 1339 1568 omni
1377 1527 1540 1582 legione
1580 1538 1770 1573 suorum,

563 1594 622 1634 Ne
664 1595 729 1635 vel
767 1594 872 1636 velle
912 1594 1030 1649 capi,
1074 1608 1146 1634 seu
1184 1593 1296 1635 vinci
1341 1598 1488 1648 sponte
1534 1596 1733 1647 putetur,

574 1660 859 1713 Francigenas
902 1660 987 1699 ruit
1029 1660 1075 1699 in
1113 1659 1292 1708 medios,
1341 1673 1469 1713 quem
1512 1658 1701 1712 quinque
1746 1660 1982 1710 sequuntur

426 1724 537 1765 1700
570 1723 650 1764 Vix
694 1724 819 1774 socii,
860 1724 1043 1777 reliquos
1078 1723 1344 1776 cingentibus
1382 1723 1571 1776 undique
1605 1721 1802 1770 Francis,

565 1789 741 1843 Quoque
786 1788 1021 1842 ligarentur
1067 1788 1248 1842 spatium
1295 1788 1362 1827 vix
1407 1787 1605 1827 dantibus
1644 1785 1757 1840 ipsis.

566 1853 619 1893 Et
664 1853 783 1907 quasi
824 1853 933 1893 solus
979 1867 1046 1893 eos
1085 1851 1178 1908 jam
1217 1852 1384 1893 vincere
1429 1852 1579 1892 debeat
1618 1865 1785 1899 omnes,

566 1918 789 1972 Tanquam
829 1918 949 1958 nulla
993 1918 1059 1958 die
1102 1917 1291 1971 gessisset
1335 1917 1483 1972 praelia
1528 1921 1640 1966 toto,

567 1984 735 2024 Viribus
780 1989 822 2024 et
859 1984 954 2024 nisu
993 1989 1081 2024 toto
1127 1982 1380 2023 furibundus
1421 1983 1466 2022 in
1510 1983 1602 2022 illos

567 2049 692 2089 Saevit
731 2054 773 2088 et
816 2049 870 2088 ad
916 2063 1056 2103 regem
1100 2049 1238 2088 medio
1279 2047 1450 2088 festinat
1490 2061 1646 2088 eorum.

568 2113 709 2152 Vitam
749 2126 835 2153 non
881 2113 1079 2154 dubitans
1125 2111 1214 2168 ejus
1255 2127 1332 2167 pro
1378 2118 1510 2152 morte
1554 2111 1729 2165 pascici,

569 2176 868 2232 Affectansque
915 2178 1038 2218 simul
1084 2177 1157 2217 illo
1204 2177 1408 2216 moriente
1446 2176 1609 2225 moriri,

628 2440 723 2480 Ibat
761 2441 868 2481 forte
908 2442 1031 2496 pedes
1073 2443 1241 2493 Petrus,
1291 2442 1357 2482 cui
1401 2455 1555 2482 nomen
1595 2447 1637 2482 et
1674 2446 1811 2482 ortum

574 2503 785 2558 Insignem
825 2506 995 2548 Turella
1040 2507 1175 2558 dedit,
1225 2513 1388 2548 vectore
1428 2509 1701 2563 perempto,'
