2395 3251
1261 367 1303 399 88

565 448 718 489 Obruit
760 447 858 498 hos,
907 448 1006 487 istos
1046 446 1221 496 occidit,
1270 445 1464 487 vulnerat
1507 446 1615 486 illos.

561 513 664 553 Inde
709 512 804 553 sinu
847 511 984 564 facto,
1033 512 1229 553 miranda
1267 518 1404 567 strage
1442 517 1638 567 peracta,

558 578 685 619 Parte
722 578 808 619 alia
852 578 1018 619 rediens
1058 578 1185 618 simili
1230 578 1440 633 probitate
1479 576 1661 630 Quirites

555 643 754 699 Implicat
789 645 1055 695 innumeros,
1098 645 1219 699 quasi
1264 644 1397 699 pisces
1435 649 1522 684 rete
1562 648 1768 694 retentos,

555 709 699 765 thue
739 711 1007 752 ascendentes
1050 710 1161 750 fallit
1206 708 1443 750 G-aubertus
1485 709 1619 750 alosas

555 773 734 816 Retibus
772 776 969 832 oppositis
1006 775 1115 817 vada
1158 775 1236 815 sub
1272 775 1433 830 piscosa
1471 775 1702 816 Medontae:

557 839 625 880 Sic
664 840 767 882 facit
803 842 1028 897 implicitos
1067 842 1229 897 equites
1274 842 1340 884 vel
1385 841 1474 882 fata
1517 841 1658 882 subire

553 905 823 961 Gaucherus,
868 909 936 950 vel
976 909 1036 949 sic
1078 909 1228 950 victori
1271 908 1419 949 offerre
1462 907 1678 962 ligandos:

413 969 526 1014 1280
556 971 893 1029 Respiciensque
939 975 1023 1015 suis
1067 980 1110 1015 et
1152 974 1455 1015 consocialibus
1495 986 1629 1014 unum

407 1622 516 1665 1290

408 2276 515 2318 1300

552 1037 727 1079 Eminus
771 1039 818 1079 in
862 1054 1038 1081 numero
1082 1041 1294 1096 prospexit
1330 1039 1385 1080 ab
1423 1039 1542 1080 hoste
1584 1039 1735 1080 teneri.

552 1103 649 1143 Mox
689 1110 817 1160 caput
861 1105 1080 1146 inflectens
1119 1107 1358 1160 collumque
1397 1105 1611 1160 amplexus
1641 1103 1776 1153 Iberi,

551 1167 633 1208 Per
667 1170 826 1210 medias
861 1170 970 1211 acies
1009 1171 1163 1211 iterum
1198 1171 1454 1226 prorumpit:
1493 1176 1538 1212 at
1566 1170 1687 1210 illum
1705 1200 1717 1219 ,

551 1233 663 1275 Dum
699 1236 808 1287 ruit,
846 1236 1010 1277 hostilis
1042 1251 1129 1277 non
1162 1242 1294 1277 cessat
1328 1236 1474 1276 dextra
1506 1236 1629 1276 ferire

551 1298 645 1339 Non
679 1305 823 1340 tamen
857 1301 929 1341 ille
964 1307 1093 1356 caput
1125 1307 1201 1341 aut
1234 1301 1425 1341 dextram
1461 1301 1640 1356 subrigit
1673 1305 1772 1341 ante

552 1363 691 1415 Quam
725 1365 840 1405 venit
873 1365 929 1406 ad
963 1366 1140 1416 socium,
1177 1371 1280 1406 tunc
1314 1381 1357 1407 se
1392 1368 1529 1418 levat,
1568 1381 1749 1421 enseque
1783 1365 1926 1406 stricto

551 1427 707 1469 Omnes
741 1430 815 1484 qui
851 1431 1008 1471 socium
1042 1430 1285 1472 retinebant
1319 1432 1493 1483 sternit,
1531 1438 1573 1472 et
1608 1432 1730 1472 illum

548 1493 743 1547 Liberat,
782 1502 824 1537 et
857 1510 999 1538 secum
1034 1497 1201 1548 vivum,
1240 1511 1475 1553 sanumque
1509 1497 1687 1538 reducit.

605 1560 727 1601 Tunc
759 1562 944 1616 primum
978 1562 1154 1604 Flandri
1189 1576 1351 1618 coepere
1384 1563 1534 1604 timore
1564 1562 1721 1603 moveri

549 1625 723 1667 Pondus
760 1627 873 1666 enim
907 1627 1008 1667 belli
1042 1633 1179 1667 totum
1210 1641 1252 1667 se
1285 1629 1464 1668 inclinat
1497 1629 1542 1668 in
1577 1628 1684 1668 illos.

550 1690 642 1730 Non
676 1697 818 1731 tamen
853 1698 928 1732 aut
963 1706 1111 1747 campo
1146 1692 1382 1742 discedere,
1422 1699 1541 1747 terga
1574 1693 1639 1733 vel
1679 1690 1787 1731 hosti

547 1754 769 1796 Ostentare
809 1756 978 1807 volunt,
1024 1762 1148 1797 tanta
1189 1757 1427 1812 indignatio
1472 1762 1633 1797 mentes

547 1819 722 1861 Obsidet
760 1821 929 1862 illorum
942 1852 954 1872 ,
1003 1821 1280 1877 servandique
1319 1822 1444 1863 ardor
1487 1822 1684 1869 honoris,

547 1886 605 1928 Ut
647 1887 798 1928 malint
842 1887 1073 1943 pugnando
1112 1888 1243 1939 mori,
1283 1888 1348 1928 vel
1387 1887 1527 1929 vincla
1566 1886 1727 1935 subire,

549 1951 804 2008 Caedereque
841 1959 883 1995 ct
928 1954 1033 1995 oaedi
1046 1985 1058 2005 ,
1108 1968 1239 2008 quam
1280 1968 1323 1994 se
1361 1953 1514 2010 fugisse
1556 1952 1709 1993 notari.

545 2017 600 2057 Et
639 2017 741 2059 dum
786 2033 829 2059 se
873 2019 1019 2060 laxant
1063 2019 1172 2059 acies
1211 2018 1471 2074 Flandrique
1504 2022 1722 2074 tepescunt

548 2082 671 2136 Hugo
709 2082 932 2124 Marolides
968 2083 1155 2124 Aciensis
1191 2082 1286 2124 Gilo
1326 2099 1402 2140 per
1440 2084 1579 2125 hostes

548 2147 764 2188 Ferrando
805 2148 962 2189 medios
1000 2149 1168 2203 properi
1216 2148 1442 2204 confligere
1480 2149 1684 2198 tendunt,

546 2211 730 2253 Vulnere
771 2214 846 2268 qui
890 2214 1013 2254 laesus
1046 2212 1140 2270 jam
1185 2214 1318 2255 multo
1356 2213 1509 2255 lentius
1548 2214 1661 2264 ibat,

547 2277 712 2333 Perque
757 2279 868 2320 diem
912 2285 1049 2320 totum
1088 2281 1277 2335 requiem
1317 2294 1402 2320 non
1442 2279 1600 2320 fecerat
1637 2277 1777 2320 armis.

547 2341 653 2382 Cum
694 2343 847 2397 quibus
891 2345 979 2399 ipse
1024 2345 1098 2386 diu
1141 2346 1347 2397 luctatus,
1395 2347 1578 2401 denique
1621 2346 1777 2397 victus,

550 2405 665 2445 Forti
705 2406 886 2448 fortunae
926 2410 1076 2450 cedens
1122 2425 1187 2462 se,
1231 2426 1284 2451 ne
1323 2412 1577 2467 perimatur,

545 2470 735 2522 Dedidit;
783 2479 847 2512 ast
886 2473 974 2528 ejus
1019 2489 1160 2515 omncs
1201 2481 1303 2516 tunc
1349 2476 1469 2529 signa
1508 2481 1727 2530 sequentes
