2395 3251
451 1024 537 1064 600

455 1672 540 1711 610

459 2320 541 2356 620

1289 362 1333 391 42

564 441 645 481 Re
662 440 828 494 penitus
863 437 999 487 salva,
1042 436 1145 476 certi
1184 435 1261 475 sub
1299 435 1452 477 faedere
1486 437 1620 491 pacti,

562 505 683 556 Quod
717 518 801 544 non
838 518 912 558 per
947 503 1127 543 multum
1162 503 1340 543 servavit
1373 503 1572 556 temporis
1609 502 1696 542 ille.

619 570 728 609 Hinc
762 583 930 623 quoque
965 567 1155 608 Cortraci
1188 567 1228 608 vi
1262 568 1417 608 moenia
1453 574 1578 622 capta
1612 567 1798 616 subivit,

562 636 643 675 Nos
678 635 752 674 ubi
787 634 1019 674 barbaricae
1056 639 1148 688 post
1181 633 1310 674 verba
1343 634 1559 688 incognita
1592 634 1752 688 linguae

564 700 650 740 Sub
684 714 770 754 qua
804 700 932 753 longa
969 699 1042 738 diu
1077 699 1288 738 fueramus
1321 700 1449 739 taedia
1483 701 1615 754 passi,

564 765 741 805 Demum
777 765 930 805 nativae
965 765 1231 818 cognovimus
1267 778 1428 817 organa
1461 765 1587 805 vocis.

619 830 762 869 Insula
796 835 888 884 post
921 829 1109 869 triduum
1140 829 1305 869 modica
1339 827 1419 868 fuit
1452 829 1666 869 obsidione

563 893 728 933 Vertice
763 894 937 933 demisso
972 894 1080 947 Regi
1117 908 1263 948 parere
1298 899 1458 934 coacta.

564 958 701 1010 Quam
736 959 870 998 multo
908 958 1015 998 bene
1051 959 1259 998 firmatam
1299 958 1391 999 Rex
1425 959 1557 998 milite
1591 958 1745 998 munit.

574 1022 713 1078 Atque
747 1024 994 1064 satellitibus
1030 1026 1182 1079 quibus
1217 1024 1408 1064 omnibus
1442 1022 1594 1063 Athius
1629 1023 1750 1076 Hugo

565 1088 763 1139 Praefuit,
801 1095 849 1129 ut
881 1090 1025 1129 villam
1060 1090 1197 1130 vicino
1233 1094 1367 1129 servet
1400 1088 1454 1128 ab
1489 1088 1621 1128 hoste.

565 1153 670 1192 Nam
705 1154 795 1193 fieri
829 1159 1018 1208 poterat,
1061 1155 1174 1208 qued
1208 1161 1430 1209 postquam
1464 1153 1706 1193 abscesserit
1739 1152 1860 1201 inde,

566 1217 801 1258 Ferrandus
836 1219 973 1258 subito
1008 1219 1231 1260 adveniens
1267 1220 1345 1259 sibi
1381 1220 1546 1273 subiget
1583 1219 1723 1269 illam,

568 1280 760 1322 Gaudeat
794 1289 836 1322 et
866 1283 966 1323 civis
999 1283 1168 1323 domino
1203 1284 1353 1324 servire
1383 1285 1527 1339 priori.

568 1345 690 1397 Quod
725 1347 873 1386 merito
907 1353 1096 1388 metuens
1132 1349 1177 1388 in
1212 1349 1302 1389 vico
1338 1349 1508 1388 nomine
1542 1348 1698 1388 Darnel

568 1411 658 1451 Rex
693 1411 898 1452 fabricare
933 1426 1086 1453 novam
1115 1413 1274 1453 studuit
1313 1413 1561 1467 quantocius
1589 1426 1750 1461 arcem,

568 1475 663 1526 Qua
697 1491 771 1516 sua
808 1491 906 1530 gens
942 1483 1035 1517 tuta
1067 1492 1152 1517 esse
1186 1484 1334 1531 queat,
1373 1492 1596 1532 arcemque
1630 1478 1755 1517 tueri.

625 1539 800 1580 Obtinet
834 1541 937 1580 hinc
973 1541 1118 1581 abiens
1152 1541 1229 1581 sub
1265 1549 1418 1596 quarta
1452 1543 1545 1583 luce
1579 1543 1769 1582 Duacum
1788 1573 1799 1591 ,

570 1603 605 1644 A
642 1606 814 1660 propria
848 1606 926 1646 sibi
959 1606 1164 1647 Ferrandj
1199 1606 1225 1647 ὲ
1259 1608 1350 1661 lege
1385 1608 1590 1657 solutum,

572 1671 657 1711 Sub
693 1672 851 1712 ditione
886 1686 961 1712 sua
996 1673 1110 1726 quod
1146 1672 1286 1712 adhuc
1322 1678 1456 1722 tenet,
1494 1678 1620 1726 atque
1649 1671 1854 1711 tenebunt

569 1735 829 1776 Francorum
865 1737 1000 1791 Reges
1035 1743 1129 1792 post
1163 1738 1300 1792 ipsum
1329 1736 1427 1793 jure
1461 1736 1661 1791 perenni,

572 1799 795 1841 Postmodo
832 1803 1010 1856 supponi
1045 1803 1184 1843 doleat
1216 1817 1269 1843 ne
1301 1802 1415 1857 Rege
1449 1801 1623 1850 minori,

569 1864 625 1905 Ut
659 1866 798 1919 gladio
833 1867 968 1906 doluit
1004 1868 1172 1908 meritas
1208 1868 1397 1908 exolvere
1430 1881 1573 1922 paenas

570 1931 770 1971 Flandria
803 1933 936 1986 regali
973 1934 1142 1987 proprio
1179 1934 1258 1974 sibi
1291 1933 1472 1987 denique
1508 1933 1661 1972 damno

569 1995 660 2035 Non
696 1996 860 2035 licuisse
890 1997 1033 2036 videns
1071 1999 1275 2051 gremium
1309 1999 1410 2039 dare
1444 1998 1698 2052 proditiosis,

572 2059 678 2099 Cum
713 2060 868 2100 collata
902 2061 981 2100 luit
1015 2061 1228 2101 Ferrando
1264 2063 1376 2103 dona
1407 2063 1637 2111 Johannis,

570 2123 800 2177 Impetrata
833 2124 942 2164 viros
974 2125 999 2164 ἐι
1034 2125 1149 2180 Rege
1185 2126 1355 2168 licentia
1392 2128 1509 2168 laetos

572 2187 637 2228 Ad
671 2189 859 2243 proprias
897 2189 1024 2244 digna
1060 2191 1173 2230 sedes
1206 2205 1302 2232 cum
1338 2192 1463 2232 laude
1499 2192 1689 2232 remittit.

629 2254 712 2294 Nec
746 2269 864 2294 mora
897 2255 1128 2310 Sequanias
1163 2258 1207 2298 in
1245 2264 1383 2312 partes
1425 2258 1539 2311 Rege
1575 2271 1760 2307 reverso,

574 2318 791 2359 Bolonides
825 2320 1000 2372 iteruin,
1039 2321 1333 2378 conjuratique
1367 2322 1535 2378 tyranni

573 2382 662 2421 Rex
692 2384 843 2435 quibus
879 2384 1108 2439 Anglorum
1143 2401 1364 2428 numerosa
1398 2387 1604 2442 stipendia
1640 2387 1737 2427 belli

575 2445 885 2488 lrritamentum
918 2450 1063 2490 loculis
1099 2450 1303 2494 fundebat
1337 2454 1518 2509 apertiS,
