2395 3251
1263 350 1308 381 76

572 427 854 468 standardum
891 426 1074 470 aedificat
1090 458 1102 478 ,
1141 428 1332 482 miroque
1366 428 1542 483 insignit
1574 428 1734 471 honore
1749 460 1762 481 ,

570 493 740 547 Imperii
774 499 821 534 ut
857 492 988 534 fasces
1023 498 1142 534 tanto
1177 493 1414 534 illustrante
1448 499 1602 549 paratu

571 558 622 598 Se
657 558 960 599 dominatorem
995 559 1123 599 totius
1157 558 1340 614 disputet
1373 559 1507 601 Orbis.

570 623 707 678 Erigit
740 624 784 665 in
821 638 941 665 carro
974 626 1118 679 palum
1138 656 1150 676 ,
1188 626 1370 680 paloque
1403 626 1628 666 draconem

571 688 789 743 Implicat,
828 696 876 730 ut
910 691 1036 745 possit
1069 692 1217 745 procul
1250 690 1352 730 hinc
1386 695 1514 745 atque
1547 690 1646 731 inde
1679 690 1840 741 videri,

573 752 752 793 Hauriat
788 760 829 795 et
863 760 1006 795 ventos
1040 755 1175 796 cauda
1208 754 1459 796 tumefactus
1492 761 1534 795 et
1568 756 1667 806 alis,

436 816 549 859 {1090
577 817 780 858 Dentibus
815 818 1086 868 horrescens,
1123 820 1338 874 rictusque
1371 820 1554 874 patentis
1588 820 1723 861 hiatu.

573 882 707 934 Quem
741 897 864 937 super
899 889 1048 923 aurata
1082 884 1249 924 volucer
1281 884 1394 925 Jovis
1427 885 1618 925 imminet
1651 886 1720 926 ala
1736 917 1749 937 ,

579 947 687 987 Tota
722 948 960 1002 superficies
995 947 1114 1005 cujus
1148 950 1256 990 nitet
1289 964 1419 992 aurea
1436 981 1447 1000 ,
1485 951 1581 991 solis

584 1012 777 1063 AEmula,
816 1027 901 1068 quo
932 1013 1069 1070 jactat
1102 1016 1196 1070 plus
1229 1030 1271 1056 se
1306 1016 1536 1071 splendoris
1570 1016 1741 1057 habere.

636 1077 712 1118 Ast
747 1079 854 1133 Regi
889 1079 988 1119 satis
1024 1086 1085 1120 est
1117 1086 1263 1121 tenues
1299 1081 1481 1136 crispare
1517 1095 1592 1136 per
1625 1095 1770 1132 auras,

583 1142 793 1183 Vexillum
827 1143 1001 1198 simplex
1035 1145 1218 1185 cendaco
1253 1146 1440 1201 simplice
1472 1151 1632 1188 textum
1651 1178 1662 1196 ‚

577 1207 817 1261 Splendoris
852 1209 1000 1260 rubei,
1039 1210 1228 1250 lethania
1260 1211 1442 1265 qualiter
1475 1211 1538 1251 uti

580 1271 824 1313 Ecclesiana
859 1274 962 1313 solet
996 1275 1118 1314 certis
1153 1289 1202 1314 ex
1236 1289 1351 1316 more
1386 1276 1546 1316 diebus.

582 1335 706 1388 Quod
739 1351 835 1377 cum
870 1337 1060 1379 Flamma
1091 1339 1248 1380 habeat
1282 1342 1512 1396 vulgariter
1545 1355 1673 1382 aurea
1703 1355 1856 1382 nomen
1874 1374 1886 1393 ,

592 1401 798 1443 Omnibus
832 1403 878 1443 in
912 1404 1032 1444 hellis
1067 1403 1197 1444 habet
1230 1407 1373 1446 omnia
1407 1407 1527 1462 signa
1558 1408 1708 1461 praeire
1727 1438 1738 1457 ,

443 1467 552 1506 1100
584 1467 708 1519 Quod
741 1467 849 1522 Regi
883 1474 1082 1523 praestare
1117 1469 1220 1509 solet
1254 1470 1474 1527 Dionysius
1509 1471 1640 1512 abbas
1662 1504 1674 1522 ,

581 1532 649 1573 Ad
682 1533 840 1573 bellum
876 1534 1070 1589 quotiens
1104 1536 1278 1591 sumptis
1313 1536 1589 1591 proficiscitur
1624 1538 1750 1578 armis
1767 1567 1778 1588 ,

584 1597 694 1638 Ante
726 1604 870 1638 tamen
904 1599 1064 1653 Regem
1099 1600 1265 1654 signum
1299 1602 1438 1657 regale
1472 1601 1643 1642 tenebat

589 1662 929 1704 Montiniacensis
962 1665 1026 1705 vir
1061 1665 1178 1705 fortis
1214 1680 1388 1721 corpore
1423 1666 1528 1706 Galo
1546 1698 1557 1716 ,

588 1727 725 1781 Seque
759 1728 868 1768 acies
901 1729 1039 1770 ambae
1073 1730 1228 1770 directe
1262 1731 1563 1786 respiciebant,

588 1790 625 1830 A
661 1805 703 1831 se
738 1792 938 1833 distantes
974 1794 1137 1834 modico
1172 1795 1411 1837 discrimine
1446 1798 1584 1851 campi

589 1854 786 1897 vultibus
817 1858 1038 1912 oppositiS,
1072 1873 1150 1899 nec
1183 1860 1322 1901 adhuc
1359 1876 1437 1903 vox
1467 1863 1554 1903 ulla
1590 1865 1780 1904 sonabat.

650 1921 762 1962 Otho
803 1924 1096 1977 magnanimus
1135 1926 1282 1967 contra
1315 1926 1339 1967 ὸ
1377 1929 1545 1982 regione
1577 1928 1823 1984 Philippum

589 1986 737 2027 Stabat
770 1987 816 2027 in
852 1994 1004 2029 ornatu
1036 1991 1158 2031 valde
1192 2006 1341 2033 aureus
1374 1994 1597 2049 imperiali.

589 2052 819 2093 Drocarum
855 2054 1047 2095 dominus
1086 2069 1182 2096 cum
1220 2056 1614 2108 Gamachiensibus,
1654 2065 1695 2098 et
1730 2075 1825 2099 cum

451 2119 561 2158 1110
593 2116 792 2158 Pontiviis
827 2117 852 2158 a
887 2118 1004 2173 Rege
1042 2121 1188 2174 procul
1221 2122 1280 2162 sic
1312 2123 1538 2173 stantibus,
1578 2129 1626 2162 ut
1664 2138 1749 2163 non

594 2181 726 2236 Ipsius
757 2181 783 2222 a
812 2183 915 2222 serie
944 2184 1066 2224 series
1099 2185 1272 2226 distaret
1306 2200 1467 2238 eorum,
1698 2231 1700 2233 ,

595 2248 771 2288 Bolonio
807 2247 959 2288 Comiti
996 2264 1038 2289 se
1074 2256 1220 2291 contra
1249 2252 1368 2306 ponit
1401 2258 1442 2293 et
1476 2252 1644 2309 Anglis,
1695 2265 1700 2269 ⁴

597 2312 675 2352 Cui
710 2313 842 2367 magis
877 2313 1062 2355 infensus
1097 2316 1200 2356 odiis
1233 2323 1324 2358 erat
1357 2318 1444 2373 ipse
1478 2323 1684 2372 veternis,

601 2376 652 2414 Et
686 2377 836 2418 laevum
873 2392 1003 2418 cornu
1036 2386 1225 2420 conserto
1261 2388 1396 2423 marte
1432 2393 1650 2427 coronant.

662 2439 717 2480 At
751 2441 895 2481 dextro
930 2443 974 2481 in
1012 2457 1142 2484 cornu
1178 2447 1320 2499 spatiis
1356 2447 1381 2487 a
1415 2449 1531 2504 Rege
1567 2454 1735 2493 remotis
