2395 3251
1119 444 1184 476 147

332 521 404 549 Vsus
432 520 520 550 1684.
548 519 611 550 Nec
636 519 725 548 vitam
751 519 850 548 debere
872 520 954 559 suqoe
978 520 1119 559 diqnatur
1136 522 1238 550 inerti.

331 568 434 598 C’e'tait
461 569 550 598 l'idee
576 579 637 608 que
664 569 724 598 l'on
753 569 833 598 avait
858 569 912 598 des
937 569 1049 598 soldats
1075 569 1113 598 de
1141 580 1176 599 ce
1198 569 1279 608 parti
1303 574 1333 598 et
1355 569 1394 599 de
1415 579 1461 599 ses
1481 569 1652 610 genet-aux,
1677 580 1793 600 comme
1816 571 1846 600 18
1867 577 2011 612 rapporte

291 626 351 645 une
367 617 518 646 ancienne
543 617 727 655 chronique:
752 629 764 642 u
776 618 836 645 Rex
852 618 985 646 Franciae
1000 617 1134 646 habebat
1158 618 1190 647 in
1213 628 1268 648 suo
1293 619 1430 648 exercitu
1452 620 1600 658 quosdam
1624 620 1734 650 milites
1755 621 2012 651 strenuosissimus

290 677 303 690 υ
321 669 351 693 et
375 664 413 693 ad
439 674 573 703 pugnam
605 664 872 694 exercitatissimos
898 675 1029 704 quorum
1056 666 1184 695 consilio
1212 667 1390 706 regebatur.
1417 669 1571 697 Exercitus
1596 673 1698 697 autem
1722 673 1853 708 uterque
1879 670 2012 709 quodam

291 724 304 738 u
322 711 448 740 ssumine
469 711 664 740 interfluente
680 712 912 748 dividebantur,
935 713 1014 741 sicut
1034 714 1240 751 quorumdam
1268 715 1482 754 religiosorum
1505 716 1653 745 relatione
1674 717 1809 746 virorum
1829 717 2012 748 audivimus.

291 772 304 785 n
322 761 406 788 Tunc
435 759 555 798 praefati
583 759 697 788 milites
723 760 907 789 aecedentes
933 760 972 788 ad
997 770 1103 799 regem
1134 762 1289 798 Frauciae,
1327 763 1565 802 alloquebantur
1593 773 1664 793 eum
1695 764 1728 793 in
1757 764 1841 794 hunc
1869 765 2010 795 modum:

291 822 303 835 n
322 810 467 845 Domine,
496 809 575 837 nosti
602 819 694 847 quam
719 808 806 837 sortis
831 809 870 837 sit
894 809 925 837 in
952 819 1056 848 pugna
1081 810 1156 840 Otho
1180 811 1361 850 imperator.
1383 812 1480 840 Habet
1499 822 1623 851 quoque
1649 813 1761 842 auxilio
1782 823 1837 842 suo
1857 813 1890 842 in
1909 823 2012 852 pugna

291 870 303 883 ι»
321 858 401 887 viros
427 857 673 896 probatissimos,
696 857 841 886 videlicet
867 858 1008 886 comitem
1033 858 1184 888 Flandriae
1205 865 1235 889 et
1257 860 1401 889 comitem
1424 861 1556 891 Boloniae
1580 866 1610 890 et
1635 861 1709 891 alios
1731 862 1920 901 complures,
1937 873 2013 902 quos

293 919 304 933 u
329 906 525 945 cognovimus
559 911 588 934 et
622 911 735 934 tantam
767 907 903 945 ipsorum
937 917 1001 936 esse
1033 907 1246 945 ferocitatem,
1279 913 1314 937 ut
1345 909 1453 938 malint
1484 910 1516 938 in
1547 910 1630 940 bello
1659 911 1769 940 cadere
1800 912 1832 940 in
1862 916 2010 948 mortem,

290 967 303 980 ιι
320 964 412 993 quam
441 954 480 982 de
508 964 611 993 pugna
645 954 776 992 turpiter
806 954 926 993 sugere.
959 956 1124 994 Acquiesce
1157 967 1231 997 ergo
1266 958 1393 988 consilio
1427 963 1549 995 nostro,
1580 963 1614 989 ut
1645 970 1708 990 non
1736 960 1840 990 videas
1864 961 2012 1000 populum

289 1016 302 1028 u
322 1008 406 1032 tuum
434 1003 561 1032 immani
587 1003 671 1032 caede
697 1008 728 1032 et
753 1008 854 1043 strage
881 1014 1037 1034 corruere.
1052 1018 1064 1031 n

330 1085 402 1112 Vsus
427 1083 516 1113 1699.
748 1105 824 1113 ......
865 1084 960 1118 Quem
981 1086 1112 1125 quinque
1134 1091 1299 1125 sequuntur

745 1134 775 1163 V
774 1135 806 1161 ist·
826 1135 909 1163 socii.

329 1187 442 1226 Rigord
472 1187 516 1216 dit
546 1188 619 1226 qu'il
645 1187 718 1217 etait
745 1189 883 1227 appuye‚
918 1189 994 1218 dans
1023 1200 1078 1219 son
1108 1190 1278 1229 energique
1305 1190 1448 1227 defense,
1476 1200 1533 1230 par
1560 1191 1604 1220 six
1630 1192 1848 1221 combattants:
1882 1193 2011 1222 «Comes

287 1248 300 1260 η
318 1235 449 1264 Boloniae
475 1235 577 1264 adhuc
603 1246 756 1274 pugnans,
788 1236 877 1265 evelli
903 1246 964 1265 non
986 1242 1106 1275 poterat
1128 1238 1166 1267 de
1189 1248 1312 1277 campo,
1341 1239 1464 1278 adjutus
1487 1240 1604 1268 tantum
1627 1250 1678 1269 sex
1698 1240 1845 1269 militibus
1865 1240 1919 1280 qui
1939 1250 2010 1270 eum

288 1283 457 1312 „nolentes
485 1283 655 1319 dimittere,
680 1293 749 1312 cum
774 1293 811 1312 eo
838 1285 1055 1323 pugnabant.»

327 1357 399 1384 Vens
424 1355 513 1385 1717.
542 1356 694 1384 recturam
713 1357 843 1394 funibus
866 1367 930 1396 quae
957 1357 1024 1386 latis
1046 1359 1144 1397 ferrea
1165 1358 1252 1387 latam
1274 1362 1327 1387 etc.

326 1403 465 1432 Barthius
498 1403 616 1442 appelle
649 1413 684 1432 ce
714 1413 839 1442 passage
872 1410 1034 1433 monstrum
1069 1407 1342 1442 contaminationis,
1378 1410 1409 1435 et
1440 1406 1461 1435 il
1492 1417 1625 1446 propose
1651 1409 1681 1438 la
1706 1408 1828 1438 version
1853 1409 2008 1439 suivante:

293 1465 305 1478 u
317 1453 479 1481 'recturam
509 1451 618 1491 gumfis
645 1462 715 1490 qua:
743 1452 810 1480 latis
839 1452 939 1481 ferrea
973 1453 1067 1481 latum
1101 1459 1237 1483 ventrem
1270 1455 1349 1484 velat
1381 1456 1490 1495 equi.»
1513 1457 1590 1484 —11
1620 1458 1737 1495 ajoute:
1772 1458 1909 1495 «Gumfi,
1941 1463 2012 1488 sunt

288 1512 301 1526 ι»
320 1500 586 1529 concatenationes
610 1503 661 1528 aut
682 1501 827 1538 squamiae
851 1510 926 1538 quas
951 1505 1035 1529 arcte
1062 1501 1178 1531 clausas
1204 1507 1236 1531 et
1260 1503 1447 1542 implicatas,
1475 1505 1655 1544 corporibus
1680 1506 1720 1535 ad
1745 1506 1884 1536 modulos
1902 1517 2009 1537 eorum

286 1560 299 1574 n
318 1548 486 1577 inducunt:
517 1547 614 1586 Vulgo
638 1548 757 1576 Pauzer
780 1548 887 1577 dicunt
917 1550 970 1586 (en
995 1549 1183 1590 allemand),
1208 1553 1328 1592 Papias:
1354 1553 1496 1591 Gumfus,
1522 1555 1753 1592 concatenatio,
1776 1556 2010 1595 conglutinatio.

287 1608 300 1622 υ
318 1595 474 1635 Significat
500 1600 531 1624 et
555 1595 660 1624 funem
683 1595 744 1624 hoc
769 1596 861 1625 modo
886 1596 1043 1627 inflexum.
1058 1611 1070 1624 ιι

326 1677 398 1705 Vens
423 1676 512 1705 1767.
536 1676 583 1704 Me
609 1676 697 1712 bone,
721 1678 876 1715 permittas
896 1682 949 1706 etc.

325 1725 370 1752 En
395 1733 468 1762 grec
495 1723 594 1758 ωγαθε
632 1725 784 1763 (egathe).
808 1726 1014 1755 Exclamation
1034 1737 1090 1765 par
1115 1728 1248 1767 laquelle
1274 1738 1315 1758 011
1340 1729 1473 1769 invoque
1493 1730 1522 1759 la
1546 1730 1802 1761 commiseration-

325 1773 369 1800 En
394 1772 560 1801 terminant
584 1773 627 1801 les
655 1778 741 1801 notes
768 1773 810 1802 du
835 1775 970 1803 onzieme
999 1776 1107 1812 chant,
1135 1787 1212 1806 nous
1238 1778 1352 1807 devons
1381 1779 1524 1818 prevenir
1557 1790 1617 1819 que
1655 1790 1734 1819 pour
1764 1781 1838 1810 bien
1862 1780 1891 1810 18
1927 1791 2010 1811 eom-

283 1821 435 1860 prendre,
462 1821 484 1850 il
510 1821 576 1850 saut
600 1822 657 1850 lire
686 1822 832 1852 l’histoire
859 1833 898 1852 en
926 1834 1015 1862 prose
1043 1825 1107 1853 dite
1134 1825 1173 1854 de
1200 1827 1331 1865 Rigord,
1366 1827 1420 1866 qui
1447 1827 1556 1856 differe
1586 1838 1626 1856 en
1655 1829 1804 1867 quelques
1829 1830 1942 1868 points.
1969 1831 2008 1859 Ce

283 1879 344 1909 que
367 1870 413 1898 dit
433 1874 521 1898 notre
543 1875 653 1899 auteur
679 1871 717 1899 (18
740 1873 814 1900 Jean
839 1872 878 1900 de
901 1873 1015 1911 Nigelle
1042 1873 1118 1903 dans
1144 1874 1187 1902 les
1213 1874 1352 1903 derniers
1377 1884 1464 1911 vers,
1491 1875 1567 1904 n’est
1587 1876 1682 1914 gnere
1704 1877 1954 1913 vraisemhlabk,
1980 1882 2011 1906 et

284 1929 316 1948 se
341 1924 448 1948 trouve
474 1919 599 1949 raconte
624 1925 796 1949 autrement
819 1921 894 1949 dans
923 1921 1048 1960 Rigord.

325 1993 397 2021 Vens
425 1992 515 2021 1788.
613 1993 790 2022 Antidotum
810 1994 975 2032 qaudebant
997 2004 1055 2023 esse
1076 1994 1193 2024 laboris.

325 2040 407 2068 Cette
433 2039 611 2078 periphrase
640 2050 718 2079 pour
745 2041 897 2079 exprimer
923 2041 952 2070 le
980 2052 1082 2081 repos,
1110 2043 1139 2071 le
1165 2042 1321 2081 sommeil,
1345 2047 1390 2073 est
1414 2043 1453 2073 de
1475 2044 1548 2073 bien
1571 2045 1706 2074 mauvais
1726 2045 1813 2085 gout.

323 2114 394 2141 Vns
417 2112 506 2141 1798.
530 2113 689 2142 Runcinzcs
710 2119 801 2152 caput
827 2115 923 2153 iqnoto
950 2120 1004 2144 etc.

325 2161 458 2189 Destrier
479 2165 510 2189 et
534 2161 671 2197 roussin,
699 2167 766 2190 sont
791 2162 834 2190 les
861 2163 941 2192 deux
966 2163 1152 2203 oppositions
1179 2164 1217 2193 de
1241 2165 1272 2194 la
1297 2175 1368 2195 race
1395 2165 1565 2196 chevaline.
1600 2167 1676 2196 L'un
1704 2172 1747 2197 est
1768 2167 1798 2197 le
1818 2172 1945 2208 partage
1964 2169 2007 2199 du

285 2209 452 2246 chevalier,
478 2210 586 2239 l’autre
609 2211 690 2239 celui
716 2211 758 2239 du
786 2217 924 2241 manant.

325 2283 397 2311 vens
423 2282 512 2311 1807.
538 2283 723 2322 Carpentasse
747 2284 805 2313 sihi
827 2289 880 2314 etc.

325 2330 475 2366 L'auteur,
500 2340 539 2359 en
560 2341 591 2359 se
613 2335 735 2360 servant
754 2331 792 2360 de
815 2342 850 2361 ce
872 2333 983 2367 verbe,
1005 2337 1077 2361 veut
1099 2343 1137 2361 en
1155 2332 1270 2361 former
1293 2342 1352 2362 une
1373 2339 1454 2363 sorte
1477 2334 1516 2363 de
1530 2336 1587 2373 jeu
1611 2334 1649 2364 (18
1670 2339 1767 2371 mots,
1790 2345 1864 2365 avec
1885 2347 2007 2376 carpen-

285 2382 363 2413 tum,
387 2379 494 2417 espece
522 2377 560 2406 de
583 2378 657 2407 char
683 2388 722 2407 en
745 2389 839 2418 usage
865 2379 939 2408 chez
960 2381 1003 2409 les
1025 2381 1177 2410 Romains.
1200 2382 1257 2410 Des
1282 2386 1360 2410 mots
1385 2387 1559 2422 carpentum
1585 2387 1616 2412 et
1641 2388 1811 2423 carpentare
1838 2389 1883 2414 est
1902 2385 2007 2415 dei-ive

284 2428 503 2466 carpentarius,
530 2426 601 2455 d’ou
624 2431 668 2456 est
692 2436 773 2456 venu
797 2428 1005 2467 charpentier.

324 2500 397 2528 vens
421 2499 512 2530 1813.
535 2499 664 2529 Rhedam
686 2511 831 2539 quamque
856 2502 926 2529 rotis
951 2506 1004 2530 etc.

325 2546 424 2576 Rhoda
451 2552 497 2577 est
518 2557 560 2577 un
584 2547 659 2578 char
684 2549 771 2588 porte
792 2559 844 2578 sur
868 2553 977 2588 quatre
1003 2558 1093 2579 roues
1125 2554 1156 2579 et
1181 2559 1245 2580 non
1271 2560 1324 2580 sur
1350 2550 1430 2581 deux
1458 2561 1567 2589 roues,
1596 2562 1714 2584 comme
1735 2563 1775 2584 on
1798 2553 1836 2584 l’a
1858 2564 1915 2584 cru
1943 2555 2004 2584 mal
