2395 3251
408 917 462 955 20

408 2286 463 2324 40

1264 382 1284 413 4

526 460 627 501 Haec
660 461 804 500 eadem
834 460 971 500 senior
1003 459 1175 500 dederat
1208 459 1442 501 Ludovicus
1481 462 1638 512 eidem,

526 525 581 565 Et
614 539 717 579 puer
751 531 847 565 acta
879 525 1009 579 patris
1046 525 1136 566 Rex
1167 525 1485 566 confirmaverat
1514 528 1577 567 illi

526 589 586 630 De
620 590 763 630 facili:
797 590 908 642 Quid
936 591 1049 630 enim
1083 605 1169 631 non
1199 591 1440 646 impetraret
1469 594 1523 634 ab
1563 594 1658 643 illo,

527 654 653 711 Cujus
689 661 780 695 erat
816 661 950 706 tutor,
988 656 1220 695 didascalus
1257 663 1384 711 atquc
1417 660 1606 712 patrinus
1623 656 1646 698 ἶ)

580 721 672 761 Rex
705 734 827 775 super
855 720 936 761 1100
971 721 1096 760 5011101
1134 734 1184 760 ac
1217 721 1368 762 iterum
1407 725 1601 764 convenit
1634 725 1823 765 eumdem
1837 756 1848 776 ,

524 785 580 827 Ut
614 786 692 825 sibi
725 786 917 825 restituat
951 799 1000 824 ea
1039 799 1136 838 quae
1175 793 1360 839 spectare
1400 789 1588 829 sciuntur

524 850 590 891 Ad
619 851 765 890 fiscum
804 850 993 905 proprie,
1027 864 1104 890 nec
1137 851 1275 904 Regni
1309 850 1410 907 jura
1443 854 1644 904 minores,

522 916 627 968 Quae
662 915 816 956 debent
854 915 987 969 magis
1022 916 1165 969 augeri
1200 916 1250 956 de
1279 915 1376 972 jure
1413 933 1487 973 per
1521 919 1642 959 illum

520 982 602 1034 Qui
633 981 754 1021 datus
789 986 850 1020 est
880 980 1025 1020 doctor
1054 980 1139 1030 illi,
1178 988 1398 1037 custosque
1432 984 1580 1024 fidelis.

520 1047 574 1087 Et
603 1062 656 1087 ne
691 1047 871 1087 deterius
906 1047 960 1088 ob
996 1047 1106 1086 idem
1146 1048 1388 1102 contingere
1422 1050 1573 1104 possit,

522 1113 708 1153 Flectere
741 1113 934 1153 tentabat
962 1112 1063 1152 vivis
1102 1113 1336 1154 rationibus
1372 1115 1491 1154 illum
1510 1146 1521 1164 ‚

522 1177 580 1219 Ut
610 1192 707 1232 quae
742 1192 828 1218 non
862 1191 937 1217 sua
971 1183 1091 1227 sunt,
1133 1177 1221 1216 sine
1255 1179 1294 1218 vi
1314 1210 1326 1229 ‚
1379 1180 1466 1219 sine
1506 1180 1579 1220 lite
1607 1180 1816 1234 resignet:

520 1243 796 1297 Pacificisque
834 1243 968 1283 minas
1003 1243 1139 1283 verbis
1173 1244 1383 1297 regalibus
1418 1244 1550 1284 addit.

522 1307 628 1347 Nam
670 1307 757 1348 fore
787 1322 829 1347 se
863 1308 968 1348 nulli
1003 1307 1222 1348 manifeste
1258 1309 1413 1349 clamat
1446 1310 1653 1360 amicum>

519 1373 653 1425 Quem
687 1387 732 1413 re
762 1373 866 1413 velle
895 1386 970 1413 sua
1009 1373 1155 1413 fiscum
1189 1374 1353 1428 privare
1382 1376 1554 1416 videret.

576 1504 632 1545 At
662 1505 807 1546 Comes
837 1505 931 1546 11300
966 1511 1114 1545 contra
1144 1505 1274 1545 dabat
1311 1505 1565 1559 allegamina
1599 1505 1736 1558 Regi:

527 1588 543 1608 «
569 1570 670 1611 Haec
703 1571 808 1611 mihi
843 1571 1015 1611 donavit
1053 1571 1217 1624 genitor
1247 1575 1366 1620 tuus,
1399 1570 1493 1610 haec
1533 1570 1758 1610 meministi

519 1653 536 1672 »
565 1636 623 1675 Te
661 1635 766 1674 mihi
800 1636 932 1688 regali
955 1634 1048 1690 jam
1078 1635 1342 1674 confirmasse
1381 1635 1532 1687 sigillo.

518 1718 534 1737 »
564 1700 637 1739 His
670 1700 775 1740 veris
805 1700 938 1739 titulis
973 1700 1077 1739 mihi
1109 1698 1180 1755 jus
1219 1698 1454 1752 acquiritur
1487 1699 1532 1738 in
1567 1713 1633 1748 re,

521 1782 537 1801 »
568 1765 704 1816 Quam
735 1764 885 1818 repetis
920 1764 1054 1818 regni.
1097 1764 1210 1804 Nolis
1242 1764 1414 1804 turbare
1454 1764 1637 1818 quietem
1657 1796 1668 1814 ‚

519 1847 536 1866 »
567 1830 626 1869 Ne
655 1829 761 1869 fiant
792 1829 930 1869 hostes
964 1829 1043 1869 tihi
1072 1829 1146 1883 qui
1181 1843 1326 1883 parere
1364 1836 1575 1870 tenentur.

520 1912 536 1931 »
566 1894 659 1934 Non
689 1894 807 1934 decet
839 1900 888 1934 ut
920 1894 1030 1934 tanti
1060 1894 1113 1933 sit
1144 1895 1283 1948 pactio
1323 1894 1473 1935 frivola
1501 1895 1643 1949 Regis.

521 1976 537 1995 »
568 1959 660 1999 Non
700 1959 818 1999 decet
847 1965 895 1999 ut
927 1960 1054 2014 Regis
1084 1959 1159 1999 fiat
1188 1961 1419 2001 revocabile
1454 1961 1642 2001 verbum.
1679 1979 1697 1998 »

581 2024 648 2063 Sic
682 2024 895 2078 allegabat
929 2039 1005 2080 pro
1040 2039 1081 2064 se
1117 2025 1262 2065 Comes
1281 2057 1292 2076 ‚
1329 2025 1442 2066 ocius
1475 2027 1538 2066 illi

523 2090 612 2130 Rex
646 2089 707 2128 ita
739 2090 983 2144 respondet:
1026 2107 1043 2128 «
1069 2090 1218 2130 Paucis
1246 2091 1325 2131 tibi
1359 2092 1417 2131 sic
1455 2106 1622 2146 quoque
1656 2093 1790 2133 verbis

524 2171 541 2190 »
572 2154 720 2195 Moliar
758 2154 913 2194 auxilio
938 2153 1047 2210 juris
1086 2155 1333 2196 concludere
1368 2157 1515 2196 multa.

523 2236 540 2256 »
571 2219 692 2271 Quod
723 2233 837 2258 meus
868 2219 922 2259 ad
951 2226 1113 2275 tempus
1144 2221 1307 2274 genitor
1348 2222 1425 2261 tibi
1461 2223 1581 2262 cessit
1614 2223 1857 2264 habendum

523 2301 540 2321 »
568 2283 820 2338 perpetuare
854 2285 1001 2338 nequit
1029 2286 1287 2340 praescriptio
1316 2293 1404 2327 tam
1439 2288 1573 2328 brevis
1595 2320 1605 2338 ,
1639 2290 1683 2328 et‘
1720 2289 1833 2342 quod

525 2365 542 2384 »
568 2347 668 2387 Haec
696 2348 774 2388 tibi
804 2362 870 2388 me
895 2348 1031 2405 jactas
1054 2349 1147 2406 jam
1178 2351 1458 2402 confirmasse,
1492 2354 1700 2407 vigorem,

525 2431 542 2450 »
569 2412 673 2463 Quae
703 2413 827 2454 datur
860 2414 886 2454 a
916 2430 1044 2470 puero
1073 2417 1268 2471 possessio
1298 2431 1383 2456 non
1414 2417 1542 2457 habet
1570 2419 1717 2458 ullum.
1754 2436 1770 2454 »

584 2477 720 2517 Verba
748 2476 882 2518 ferens
918 2481 1097 2534 graviter
1127 2481 1270 2521 Comes
1299 2483 1398 2534 ista,
1432 2484 1651 2537 repatriat,
1691 2484 1788 2522 inde
